3732 5852
888 303 1043 358 ..op-

260 511 354 578 modo
378 476 431 577 eae
453 514 558 595 partes
582 511 739 591 orationis
757 512 867 594 quibus
891 511 1083 578 confirmatio
1107 511 1289 592 continetur,
1312 513 1438 580 maioris
1462 513 1557 581 studii
1579 517 1659 582 sunt.

261 615 310 681 Ab
340 617 388 682 his
420 618 524 682 autem
554 617 693 698 partibus
724 619 797 682 sunt
827 615 964 680 diversae
987 617 1187 700 narrationes,
1209 599 1241 683 in
1265 617 1376 700 quibus
1414 621 1517 684 orator
1538 595 1594 684 ⁸ad
1626 619 1660 684 id

257 720 385 786 dicendi
402 740 499 805 genus
523 720 716 800 descendit„
734 738 794 805 qqo
827 719 1032 801 homimem
1067 721 1259 787 sermonibus
1291 722 1356 788 sris
1378 723 1424 788 uti
1447 724 1557 790 solent.
1603 722 1660 790 cui
1721 802 1724 808 ¹

162 823 163 832 ’
265 823 391 889 dictioni
413 824 611 907 periodorum
644 825 800 890 structura
822 823 993 906 simplicior
1015 826 1047 889 et
1069 825 1251 908 compositio
1275 826 1406 892 solutior
1430 827 1612 893 conveniunt
1636 825 1661 914 ).

261 925 364 1012 Atque
387 928 458 1009 alia,
483 929 594 1013 quibus
617 928 789 995 similitudo
812 929 959 994 orationis
982 929 1123 1010 evitetur,
1147 929 1302 995 observari
1324 935 1462 1014 possunt.

358 1035 393 1098 ln
428 1030 548 1099 dicendi
582 1037 687 1099 autem
720 1053 849 1118 genere,
888 1033 972 1116 quod
1005 1033 1046 1098 ad
1078 1033 1154 1107 λέξιν
1177 1033 1329 1121 εἰρομένην
1362 1039 1499 1120 spectat,
1536 1035 1661 1120 singula

243 1139 400 1204 membra
421 1157 482 1204 non
505 1138 668 1203 artificiose
691 1141 925 1222 componuntur,
949 1138 1004 1204 sed
1017 1139 1210 1222 simpliciter
1225 1141 1419 1223 copulantur,
1430 1161 1504 1224 qua
1518 1141 1549 1205 in
1565 1159 1660 1224 copu-

260 1241 375 1309 latione
408 1242 551 1326 frequens
584 1243 808 1326 particularum
830 1245 887 1328 γὰρ
911 1244 942 1308 et
964 1237 1017 1334 ούν
1039 1263 1113 1309 usus
1137 1244 1326 1310 observater.
1361 1244 1457 1312 Velut
1478 1244 1510 1308 in
1532 1246 1566 1325 I,
1595 1246 1659 1309 ¹14:

260 1343 394 1433 ύιτερῷύν
422 1370 449 1410 τι
469 1345 505 1434 ἧν
528 1357 584 1432 τῆς
605 1343 752 1433 ἡμετέρας
775 1347 869 1420 οἰκίας
886 1398 1024 1414 .....
1057 1352 1109 1413 καί
1130 1347 1166 1436 ἦν
1190 1344 1293 1434 αύτῷ.Ι
1319 1400 1454 1416 .....
1478 1351 1585 1434 ταύτην
1608 1344 1659 1413 oda

258 1454 413 1538 πυθομένη
433 1491 445 1516 -.
471 1501 478 1516 .
503 1497 510 1515 .
536 1499 543 1514 .
634 1449 816 1537 αἰσθομένην
841 1502 979 1518 .....
1003 1453 1155 1520 Similiter
1176 1455 1209 1519 in
1224 1455 1263 1536 V,
1296 1457 1335 1522 9:
1366 1457 1569 1540 πρῶτονμὲν
1602 1456 1659 1538 γὰρ

258 1565 427 1642 κακούργως
458 1553 674 1641 ἐνδεδειγμένος
720 1607 857 1624 .....
879 1561 931 1625 καί
954 1556 996 1631 ὡς
1021 1563 1073 1645 μὲν
1096 1554 1131 1623 ού
1154 1563 1322 1645 κακούργύς
1352 1559 1412 1649 είμι
1434 1605 1573 1626 .....
1594 1559 1660 1641 περὶ

259 1665 316 1747 γὰρ
338 1671 396 1725 τῶν
418 1663 550 1725 κλεπτῶν
572 1664 624 1724 καί
645 1662 825 1726 λωποδυτῶν
848 1659 972 1747 δνύμος
994 1675 1149 1729 κεῖται...
1168 1686 1223 1749 ...3
1246 1665 1343 1745 inVI,
1358 1667 1416 1730 la:
1440 1663 1581 1750 ἐτύγχανε
1602 1665 1659 1746 γάρ

261 1783 312 1852 μοι
333 1770 494 1851 πράγματα
515 1763 586 1830 ducor
607 1768 683 1850 τρδς
711 1761 885 1850 Ἀριστίωνα
906 1770 957 1830 καί
980 1764 1112 1852 Φιλῖνον,
1136 1767 1157 1831 ἃ
1178 1767 1236 1849 ἐγὼ
1258 1772 1324 1854 περὶ
1345 1769 1460 1834 τολλού
1485 1768 1657 1852 ἐποιούμην,

261 1868 362 1955 ἐπειδη
392 1893 448 1956 περ
479 1869 657 1956 εἰσήγγειλα,
690 1869 792 1955 ὀρθῶς
832 1873 883 1934 καὶ
920 1871 1043 1943 δικαίως
1074 1870 1227 1947 ἀποδεῖξαι
1271 1923 1406 1939 .....
1452 1871 1585 1959 ἐγὼμὲν
1609 1866 1660 1936 οὖν

258 1977 373 2048 τούτοις
395 1986 554 2064 προςεῖχον
572 1979 620 2040 τὸν
643 1982 712 2040 νυύν
751 2024 888 2040 .....
934 1976 1005 2042 alia.
1036 2014 1079 2024 -
1100 1977 1252 2042 Maiorem
1281 1981 1379 2043 artem
1402 1976 1605 2061 componendi
1629 1976 1660 2040 et

260 2077 673 2163 concinnitatem‘quandam
694 2080 726 2144 in
750 2099 786 2146 ea
809 2080 1037 2146 enuntiatorum
1060 2081 1273 2148 coniunctione
1296 2083 1462 2161 cernimus,
1483 2099 1574 2164 quae
1604 2097 1661 2162 per

256 2189 308 2249 καί
330 2234 337 2248 .
363 2236 370 2248 .
395 2234 402 2248 .
432 2188 501 2270 καὶ,
536 2181 602 2248 olins
739 2181 825 2270 ούτε,
861 2189 940 2270 μὲν.
966 2236 1005 2250 ..
1038 2186 1072 2248 δὲ
1106 2186 1322 2270 similibusque
1352 2186 1513 2270 particulis
1535 2185 1580 2250 fit.
1624 2182 1660 2249 Si

258 2290 381 2375 singula
395 2293 499 2354 autern
516 2289 732 2355 enuntiationis
755 2290 895 2355 membra
915 2290 996 2356 inter
1010 2310 1043 2355 se
1066 2292 1252 2374 respondent
1274 2294 1306 2356 et
1327 2293 1421 2358 verba
1434 2290 1561 2374 paribus
1575 2287 1654 2353 locis

257 2395 428 2478 prodeunt,
467 2413 545 2484 quae
580 2393 761 2477 compositio
795 2393 996 2477 Antiphontis
1030 2396 1164 2462 maxime
1199 2397 1325 2480 propria
1347 2399 1412 2477 est,
1450 2398 1526 2462 haec
1548 2413 1603 2478 per
1625 2411 1660 2458 se

257 2499 424 2564 artificiosa
446 2499 570 2583 quidem
594 2501 642 2564 est
664 2500 828 2580 structma,
853 2518 904 2564 eos
923 2503 1042 2580 autem,
1066 2500 1119 2582 qui
1134 2501 1251 2586 legunt,
1274 2500 1377 2566 taedio
1395 2499 1528 2584 quodam
1544 2496 1658 2576 adiicit,

258 2604 340 2686 quod
368 2605 530 2670 ‘interdurn
563 2607 649 2669 tanto
685 2623 777 2686 opere
811 2605 849 2669 ab
873 2609 995 2670 oratore
1028 2606 1223 2688 frequentata
1257 2608 1313 2670 ost.
1360 2605 1478 2686 Quare,
1511 2605 1547 2668 ut
1579 2603 1658 2666 hane

260 2709 457 2775 iterationem
478 2708 569 2790 vitet,
609 2709 864 2792 compositionem
893 2711 1104 2776 membrorum
1135 2710 1219 2775 vario
1242 2709 1334 2775 modo
1358 2728 1499 2792 asperam
1522 2709 1554 2772 et
1574 2707 1659 2771 inae-

259 2814 415 2894 quabilem
437 2814 549 2879 reddit.
594 2814 700 2880 Veluti
730 2834 826 2879 unum
849 2833 865 2878 e
886 2815 1034 2879 membris
1056 2814 1137 2879 inter
1160 2834 1192 2879 se
1215 2813 1470 2896 respondentibus
1494 2810 1657 2888 omittitur,

158 2911 161 2920 ⁴
261 2917 306 2980 ita
329 2920 365 2981 ut
386 2918 437 2982 hio
455 2918 526 2983 illic
560 2918 751 2984 antecedenti
783 2922 835 3004 μέν
865 2920 1018 3003 particula
1047 2919 1080 2982 δέ
1111 2938 1171 2983 non
1201 2917 1386 3001 respondeat
1408 2919 1462 2982 aut
1484 2916 1563 2982 aliae
1585 2933 1657 2999 par·

257 3021 371 3086 ticulae
394 3026 562 3104 acquantum
584 3024 638 3087 aut
673 3042 800 3106 prorsus
837 3023 899 3088 sint
931 3022 1167 3107 praetermissae
1188 3022 1220 3087 iu
1242 3023 1266 3102 I,
1292 3024 1348 3087 18:
1371 3025 1423 3086 καί
1443 3024 1480 3084 τὰ
1503 3025 1555 3106 μὲν
1579 3017 1658 3082 ἄλλα

258 3127 443 3210 μακρότερος
465 3124 500 3190 ἂν
535 3124 578 3210 εἴη
613 3127 705 3207 λύγος
728 3176 735 3191 .
760 3177 767 3190 .
794 3177 801 3192 .
827 3177 833 3190 .
858 3125 967 3190 ἀλλὰ
999 3130 1180 3212 πειράσομαι
1211 3129 1248 3190 τὰ
1270 3127 1361 3190 λοιπὰ
1384 3173 1521 3191 .....
1533 3147 1541 3209 ;
1574 3123 1656 3203 inv,

257 3231 293 3294 8:
316 3239 476 3314 apricos
499 3235 572 3315 μὲν
596 3227 677 3315 οὖν,
700 3231 753 3296 ubi
769 3250 830 3296 non
846 3234 1075 3314 consequuntur
1096 3232 1266 3315 particulae
1279 3229 1377 3295 ἔπειτα
1399 3231 1451 3314 δέ;
1474 3230 1571 3309 inVI,
1596 3231 1655 3297 14:

256 3335 447 3418 καθειστήκει
462 3331 548 3425 μὲνὴ
571 3340 701 3420 χορηγία
723 3331 810 3399 ούτω·
832 3336 1030 3399 καὶτούτων
1054 3333 1128 3420 ε’ίτι,
1144 3335 1197 3400 ubi
1219 3335 1405 3418 particulam
1429 3337 1480 3418 μὲν
1503 3333 1656 3416 particula

255 3441 308 3502 καί
330 3437 477 3521 sequitur.
520 3441 556 3504 In
578 3441 604 3522 Ι,
627 3442 665 3504 9;
699 3447 785 3504 τούτο
817 3444 885 3526 μὲν
917 3442 973 3523 γὰρ
1004 3438 1138 3524 ἐθέλησα
1176 3443 1250 3524 μὲν
1283 3442 1321 3502 τὰ
1342 3440 1452 3502 τούτων
1483 3435 1657 3522 ἀνδράποδα

259 3543 474 3625 βασανίσαι..;
497 3543 551 3607 ubi
566 3544 719 3626 particula
742 3547 793 3629 μὲν
815 3543 864 3608 bis
881 3544 984 3627 posita
999 3547 1062 3623 est3
1077 3545 1158 3624 inv,
1181 3546 1241 3610 42:
1264 3555 1325 3617 τοῖς
1347 3544 1381 3607 δέ
1404 3542 1449 3609 ἐπὶ
1470 3551 1522 3607 τού
1544 3549 1655 3630 τροχοῦ

256 3648 437 3732 λεγομένοις,
460 3644 514 3718 οὓς
537 3644 648 3721 ἐκεῖνος
671 3645 785 3734 ἀνάγκη
804 3649 918 3733 μᾶλλον
940 3645 960 3734 ἤ
985 3647 1116 3734 ἀληθείη
1137 3646 1229 3734 έλεγε,
1252 3650 1366 3720 τούτοις
1384 3649 1417 3710 δὲ
1439 3649 1608 3734 διεφέρετο,
1624 3646 1656 3710 in

256 3752 310 3832 Vl,
318 3753 378 3816 45:
402 3753 471 3814 καί
485 3749 515 3814 οἱ
536 3755 587 3838 μὲν
610 3749 699 3815 ἄλλοι
721 3749 847 3825 ἅπαντες
864 3800 971 3818 .....
993 3756 1044 3816 καί
1060 3751 1089 3818 έν
1105 3748 1184 3838 αύτῷ
1199 3764 1240 3838 τῷ
1264 3753 1463 3837 βουλευτηρίῳ
1487 3801 1494 3815 .
1513 3799 1520 3816 .
1538 3802 1545 3815 .
1563 3771 1633 3814 ,κα
1648 3752 1656 3811 1

257 3853 404 3941 εἰσιύντες,
417 3856 470 3921 ubi
488 3856 613 3922 eaedem
636 3856 806 3940 particulae
830 3858 951 3941 saepius
976 3859 1105 3923 exstant.
1127 3851 1372 3942 Ιη1,8;ἠρύτα
1395 3852 1446 3921 ούν
1470 3851 1560 3942 ababa

258 3962 332 4043 μετὰ
346 3968 438 4025 ταύτα
460 3959 547 4046 ἔτυχε
572 4011 597 4025 ..
613 3984 660 4046 ..3
683 3962 714 4026 in
722 3962 761 4041 V,
785 3958 950 4036 711ούτως
973 3961 1089 4044 ἀγαθὸν
1113 3959 1172 4024 ἐστι
1195 3964 1269 4046 μετὰ
1290 3968 1341 4024 τού
1364 3963 1475 4047 χρόνου
1492 3962 1653 4044 βασανίζειν

255 4063 293 4126 τὰ
311 4069 487 4150 πράγματα;
510 4066 541 4130 in
551 4065 605 4145 VI,
623 4067 681 4131 35:
704 4068 916 4151 κατηγορήσειν
940 4065 1064 4153 ἔμελλον
1079 4063 1266 4151 Ἀριστίωνος
1291 4115 1374 4131 .....
1397 4067 1452 4131 ubi
1473 4065 1653 4149 particulae,

257 4168 368 4250 quibus
391 4171 559 4236 sententiae
583 4173 614 4234 et
634 4171 729 4235 verba
752 4170 985 4255 coniunguntur,
1009 4171 1140 4237 onrissae
1163 4169 1280 4258 sunu).
1305 4170 1448 4237 Ceterum
1471 4169 1614 4236 Schaefer
1626 4168 1653 4256 ³)

257 4275 288 4336 et
310 4273 481 4339 Wetzellus
494 4273 531 4362 ⁴),
555 4275 608 4357 qui
631 4274 788 4340 Sohaeferi
809 4275 953 4340 libellum
975 4276 1140 4359 supplevit,
1164 4276 1245 4358 apud
1260 4275 1482 4359 Antiphontem
1499 4273 1653 4339 variarum

255 4378 478 4461 particularum
511 4400 603 4445 usum
632 4380 664 4444 in
696 4379 789 4446 variis
822 4380 1010 4445 orationibus
1038 4380 1169 4445 eundem
1190 4379 1286 4444 luisse
1309 4379 1536 4457 demonstrant,
1573 4377 1653 4442 unde

256 4485 386 4564 uterque
409 4498 465 4565 pro
497 4503 554 4549 sua
586 4486 673 4567 parte
708 4483 863 4550 orationes
897 4484 952 4548 has
988 4483 1126 4549 eiusdem
1149 4484 1307 4567 scriptoris
1331 4503 1398 4549 esse
1421 4481 1651 4548 demonstrauit.

358 4586 461 4670 Atque
483 4587 619 4672 Antipho
640 4589 673 4652 in
689 4587 803 4653 crebris
819 4587 1040 4654 sententiarum
1054 4588 1279 4671 verborumque
1293 4587 1517 4668 iterationibus,
1542 4585 1651 4668 quibus

361 4776 380 4847 ¹)
399 4775 548 4845 Bellingius
566 4776 584 4829 l.
604 4791 626 4830 c.
647 4793 674 4846 p.
693 4778 734 4831 63.
753 4777 809 4850 -²)
829 4775 973 4848 Complura
994 4777 1073 4832 huius
1097 4778 1136 4832 rei
1158 4778 1278 4847 exempla
1294 4775 1417 4846 Hoppins
1436 4777 1454 4830 l.
1474 4791 1495 4831 o.
1513 4793 1540 4846 p.
1558 4776 1590 4832 41
1612 4791 1650 4846 sq.

254 4864 283 4915 et
300 4862 415 4917 Bothius
433 4864 452 4916 l.
471 4879 493 4916 c.
511 4879 537 4932 p.
557 4864 591 4918 54
609 4880 648 4932 sq.
668 4863 813 4934 proferunt.
846 4895 878 4907 —-
897 4865 919 4937 ³)
937 4865 978 4920 De
997 4866 1183 4920 nonnullarum
1201 4865 1391 4934 particularum
1410 4864 1481 4934 apud
1499 4863 1649 4933 Antiphon·

254 4949 310 5003 tem
327 4967 385 5005 usu.
404 4950 476 5004 Dies.
496 4948 642 5019 Gottingae
663 4952 737 5006 1877.
762 4983 794 4997 -
812 4953 834 5024 ⁴)
852 4951 979 5021 Bcitriige
1003 4969 1035 5007 au
1059 4953 1119 5008 dem
1143 4951 1298 5006 Gebrauche
1322 4950 1423 5020 einiger
1447 4950 1585 5004 Partilreln
1607 4949 1652 5004 bei

253 5037 400 5106 Antiphon.
419 5037 513 5109 Progr.
534 5037 580 5092 des
601 5037 695 5108 Gymn.
714 5039 924 5095 Pridcrioianum
943 5057 975 5094 au
993 5039 1127 5094 Laubaoh.
1147 5039 1247 5109 Schulj,
1268 5041 1389 5112 1878s79.
1408 5037 1553 5093 Frankfurt
1571 5055 1594 5092 a.
1613 5037 1650 5091 Μ.

256 5123 331 5179 1879.
