3732 5852
854 321 1008 374 *13-

234 543 337 614 teoum
359 535 560 620 reputaveris,
590 535 626 598 ut
658 535 690 596 et
712 531 829 598 iudices
851 528 934 595 idem
957 531 1107 610 sentiant,
1144 528 1326 618 praesertim
1349 552 1440 612 oum,
1478 551 1539 615 qua
1561 533 1628 600 erat

234 638 444 709 adulescentia
467 642 499 704 et
519 657 623 704 rerum
644 637 813 702 forensium
835 635 1000 719 imperitia,
1024 635 1118 704 aliam
1140 636 1290 701 rationem
1311 637 1388 702 inire
1408 655 1468 701 non
1481 637 1626 719 potnerit.

233 749 274 813 nt
295 764 483 830 quamquam
517 762 588 809 eum
617 761 835 824 nonnunquam
869 741 1025 806 studuisse
1059 740 1183 806 easdem
1205 740 1321 826 figuras
1345 741 1513 824 eademque
1535 740 1628 806 verba

234 852 349 916 evitare
371 848 521 926 videmus
545 850 648 913 tamen
670 847 771 911 faeere
794 864 853 910 non
876 845 989 930 potest,
1013 844 1086 927 quin
1108 844 1151 924 id,
1175 844 1258 927 quod
1280 844 1377 910 vitare
1391 845 1469 925 vult,
1493 843 1626 933 faeiat¹).

236 955 331 1021 Velut
352 954 426 1036 in5.
444 955 472 1031 1,
495 971 533 1017 ne
549 952 660 1035 longus
677 950 747 1029 sim,
770 949 920 1032 seriptum
943 948 1100 1014 videmus:
1123 950 1226 1021 δεινῶς
1248 950 1353 1013 δὲκαὶ
1375 946 1497 1033 ἀπόρως
1520 948 1582 1036 ἔχει
1598 949 1629 1013 et

234 1056 402 1139 ἀναγκαίως
417 1053 499 1144 ἔχει,
520 1054 637 1122 ibidem
653 1052 683 1117 ἐν
698 1055 830 1141 διαφορῦρ
843 1063 1026 1138 καταστῆναι
1049 1053 1080 1118 et
1094 1053 1126 1120 in
1141 1055 1169 1138 5.
1186 1055 1205 1118 2
1219 1076 1226 1118 :
1239 1056 1288 1118 τὸν
1306 1051 1408 1136 άηιῦνα
1428 1061 1626 1139 καταστηναι;

232 1165 263 1232 iu
275 1165 303 1248 5.
313 1165 348 1228 2:
362 1156 443 1226 οὗτοι
455 1159 637 1224 καθεστᾶσιν
653 1155 791 1222 ἀντίδικοι
804 1161 856 1221 καί
871 1168 967 1246 φονης
983 1160 1014 1223 et
1028 1157 1060 1224 in
1072 1159 1100 1241 5.
1112 1159 1143 1222 4:
1159 1152 1260 1222 οὗτοι.
1278 1208 1284 1222 .
1300 1208 1307 1222 .
1324 1169 1437 1248 ,φονης
1451 1162 1626 1248 ηεηὲνηνται,
1689 1225 1691 1231 ,

234 1267 301 1353 ἐμοὶ
321 1263 489 1331 δ’ἀντίδικοι
509 1265 710 1346 καθεστᾶσιν,
725 1262 757 1327 in
780 1263 808 1346 5.
833 1265 869 1329 3:
892 1262 1061 1350 ληφθεῖσαν
1085 1311 1178 1327 .....
1203 1261 1247 1326 ἐπ’
1272 1257 1526 1350 αὐτοφώρῳ...
1551 1263 1583 1326 et
1596 1261 1627 1326 ia

235 1372 264 1456 5.
280 1368 475 1457 9ιείληφίτα
497 1365 540 1432 ἐπ’
565 1362 731 1454 αὐτοφώρῳ
748 1415 755 1431 .
770 1416 777 1431 .
793 1416 800 1432 .
814 1416 821 1431 .
835 1367 867 1432 in
881 1368 909 1451 5.
928 1368 985 1432 17:
1002 1365 1060 1432 ἀπὸ
1083 1369 1211 1452 δείπνου,
1226 1367 1301 1434 ibid.
1325 1367 1432 1434 eadem
1455 1368 1484 1433 vi
1507 1355 1628 1434 adhibi-

235 1479 322 1544 tum:
339 1477 415 1561 μετὰ
428 1472 639 1556 detar0a31n5.
654 1472 692 1536 19
706 1494 714 1536 :
727 1467 809 1536 οὔπω
832 1475 889 1556 γὰρ
902 1521 909 1535 .
923 1521 931 1536 .
945 1522 952 1537 .
967 1521 974 1538 .
991 1476 1056 1556 πρίν
1080 1470 1109 1537 ἐν
1131 1485 1172 1558 τῳ
1194 1485 1280 1558 κακῷ
1294 1472 1354 1560 ἤδη
1377 1471 1413 1560 ἦν
1431 1474 1462 1538 et
1482 1473 1512 1537 in
1525 1473 1553 1556 5.
1569 1474 1628 1538 29:

139 1591 141 1602 ·
235 1575 320 1645 οὐδὲν
333 1577 419 1643 ίσασι
432 1581 497 1661 πρίν
512 1576 538 1657 η’
550 1574 610 1662 ἤδη
627 1573 656 1638 ἐν
672 1571 752 1660 αὐτῷ
768 1572 824 1638 ὦσι
837 1587 878 1660 τῳ
894 1589 990 1662 κακῷ,
1014 1578 1130 1643 alia.-
1138 1576 1226 1644 Idem
1248 1576 1397 1643 vocabulo
1420 1574 1560 1650 insererer
1581 1578 1629 1642 tor

232 1685 331 1750 utitur
351 1683 383 1746 in
406 1682 568 1766 55.1-2;
591 1681 622 1746 in
646 1680 793 1764 551-——5
817 1679 979 1763 quinquies
1000 1681 1179 1744 καθιστάναι
1187 1679 1232 1766 ²);
1255 1682 1383 1747 verbum
1404 1682 1629 1767 προθυμεῖσθαι

233 1787 282 1854 bis
303 1787 456 1854 invenitur
477 1786 552 1870 in5.
569 1788 606 1868 ῦς
623 1781 666 1858 ὡς
688 1782 789 1870 ἔνοχοί
811 1783 866 1848 είσι
887 1796 927 1870 τῷ
951 1789 1032 1872 φόνῳ
1055 1785 1086 1850 in
1105 1785 1132 1869 5.
1151 1787 1208 1865 11;
1231 1784 1347 1850 ibidem
1370 1782 1411 1858 ὡς
1435 1783 1504 1850 εἰσίν
1528 1782 1629 1872 ἔνοχοι

232 1903 273 1976 τῷ
297 1893 396 1978 φῦνῳ;
419 1909 477 1956 vox
498 1890 614 1954 δεῖπνον
636 1891 668 1955 in
691 1891 719 1974 5.
738 1891 776 1954 17
799 1893 847 1956 ter
866 1893 983 1970 exstat:
1005 1891 1037 1956 in
1052 1891 1081 1974 5.
1099 1892 1138 1956 18
1153 1891 1281 1958 verbum
1296 1891 1500 1977 διηγήσασθαι
1513 1889 1629 1976 legitur

232 1996 338 2080 paucis
360 1993 575 2064 tantummodo
597 1995 699 2062 verbis
722 1993 912 2080 interpositis
935 1996 1100 2073 iteratmm
1123 1993 1184 2059 οἷον
1207 1993 1287 2067 etad<
1309 1996 1340 2060 in
1363 1995 1557 2079 5517-18
1579 1994 1627 2062 bis

231 2101 398 2184 usurpatur
421 2101 452 2165 et
473 2099 556 2183 δίκην
580 2100 683 2162 δοῦναι
712 2100 744 2164 in
766 2100 813 2190 55.
837 2101 965 2165 23—25
988 2100 1104 2177 sexies:
1140 2099 1173 2164 in
1195 2099 1223 2183 5.
1247 2102 1288 2164 25
1319 2094 1375 2164 ῦπῦ
1405 2121 1436 2163 τε
1466 2094 1548 2185 ὑμῶν
1577 2103 1629 2163 καί

231 2214 282 2270 τοῦ
304 2205 419 2268 δικαίου
441 2204 566 2288 ponitur
589 2207 621 2269 et
641 2203 674 2270 in
696 2205 723 2288 5.
747 2205 802 2270 27:
826 2199 874 2292 ὑφ’
900 2199 981 2289 ὑμῶν
1003 2207 1054 2268 καί
1076 2211 1128 2267 τοῦ
1150 2203 1276 2288 δικαίου,
1301 2223 1371 2272 eum
1393 2204 1423 2270 in
1447 2204 1475 2288 5.
1491 2206 1529 2269 4:
1552 2205 1627 2288 πρὸς

235 2305 313 2396 ἀμάς
335 2312 387 2374 καὶ
407 2310 440 2372 τό
462 2309 575 2373 δίκαιον
598 2309 778 2391 reperiatur,
802 2308 873 2374 alia.

337 2415 422 2496 Quae
455 2412 675 2480 sententiarum
708 2411 938 2495 figurarumque
971 2412 1149 2478 iterationes
1184 2413 1318 2478 dubitari
1353 2413 1476 2496 quidem
1512 2413 1628 2497 nequit,

233 2521 305 2603 quin
329 2519 472 2586 duritiem
499 2517 653 2600 quandam
683 2516 894 2582 demonstrent
919 2517 1079 2597 sermonis,
1102 2519 1205 2582 tamen
1228 2515 1312 2581 haud
1334 2517 1408 2596 seio,
1432 2537 1469 2582 an
1492 2517 1627 2601 Antipho

230 2623 313 2702 illis,
335 2623 367 2687 in
391 2623 502 2707 quibus
524 2625 650 2706 propter
673 2621 818 2687 orationis
840 2621 1024 2687 brevitatem
1056 2612 1255 2701 offendimus,
1294 2621 1410 2700 sciens,
1445 2623 1481 2685 ut
1516 2620 1625 2686 adule-

233 2729 382 2796 seentiam
405 2728 517 2794 actoris
534 2727 696 2812 significet,
711 2746 786 2793 usus
803 2725 853 2791 sit.
878 2725 957 2792 Cum
980 2727 1084 2790 autem
1105 2724 1180 2792 illae
1201 2723 1240 2789 iis
1261 2724 1338 2807 ipsis
1361 2723 1438 2790 loeis
1453 2725 1626 2795 orationum

231 2834 354 2916 quintae
378 2835 408 2898 et
430 2835 544 2911 sertae,
566 2831 620 2897 ubi
643 2849 694 2896 eas
717 2831 814 2898 vitare
836 2829 927 2896 facile
944 2832 1018 2910 erat,
1041 2828 1242 2909 inveniantur,
1265 2848 1325 2893 non
1340 2829 1441 2894 solum
1457 2849 1517 2895 non
1530 2829 1627 2895 mirae

233 2939 322 3017 sunt,
361 2937 415 3002 sed
445 2936 540 3002 etiam
563 2934 737 3020 argumenti
766 2934 835 2999 loeo
860 2953 926 2999 esse
948 2935 1079 3018 possunt
1099 2933 1232 3016 primam
1256 2933 1426 2999 orationem
1449 2953 1516 3000 esse
1538 2933 1627 2999 Anti-

230 3039 364 3124 phontis.
388 3039 484 3106 Velut
505 3039 537 3104 in
552 3040 629 3106 orat.
653 3039 691 3104 V.
715 3040 742 3123 5.
766 3040 804 3104 2:
818 3039 1003 3102 κακοπαθεῖν
1025 3049 1066 3123 τῳ
1090 3041 1205 3123 σώματι
1217 3060 1225 3120 ;
1240 3039 1269 3123 5.
1295 3040 1352 3104 18:
1378 3040 1564 3104 κακοπαθεῖν
1585 3049 1627 3121 τῷ

230 3147 345 3228 σώματι
360 3146 391 3210 et
405 3145 455 3208 διὰ
469 3145 521 3231 τὴν
544 3153 596 3208 τοῦ
619 3147 759 3230 σώματος
780 3144 988 3208 κακοπάθειαν
1011 3142 1161 3226 seriptum
1183 3142 1386 3223 videmus3in
1402 3144 1430 3226 5.
1456 3145 1514 3208 12:
1538 3135 1627 3214 αῦτάς

228 3258 343 3332 σεαυτῷ
365 3251 476 3333 νόμους
500 3246 644 3333 streptu
666 3249 698 3314 in
714 3248 741 3332 5.
767 3251 826 3314 13:
852 3243 941 3320 αὐτὸς
964 3243 1063 3332 σαυτῷ
1085 3250 1177 3333 νόμον
1199 3251 1346 3334 θέμενος;
1369 3248 1505 3322 ibidem:
1536 3245 1628 3312 ἅπασι
1675 3259 1679 3266 “

228 3356 285 3436 ηάρ
300 3361 386 3417 τοῦτο
407 3356 505 3418 κοινόν
520 3351 581 3417 ἐστι
596 3355 627 3418 et
639 3353 674 3417 od
689 3353 733 3440 δέ,
749 3352 839 3426 δτοῖς
862 3350 967 3425 ἀλλοις
983 3347 1114 3437 Ἕλλησι
1127 3356 1225 3418 κοινόν
1249 3350 1342 3437 ἐστιν,
1358 3352 1389 3418 in
1405 3354 1432 3436 5.
1451 3355 1512 3418 19:
1534 3352 1627 3416 πλοῦν

228 3454 412 3542 ἐποιησάμην
437 3459 468 3522 et
490 3455 519 3521 ἐν
541 3469 582 3542 τῳ
604 3458 699 3541 πλοίῳ
720 3458 819 3521 πλὲιον
843 3459 959 3535 exstat:
981 3457 1012 3522 in
1036 3459 1065 3540 5.
1089 3461 1149 3524 21:
1171 3459 1221 3522 τὸν
1243 3458 1337 3522 πλοῦν
1358 3461 1566 3544 πεποιημένος,
1590 3457 1622 3522 in

229 3563 257 3644 5.
276 3563 334 3628 22:
357 3562 406 3624 τὸν
420 3562 513 3625 πλοῦν
529 3566 731 3648 ποιησάμενος
746 3562 916 3640 invenitur:
932 3561 963 3626 in
979 3563 1013 3644 5.'
1024 3564 1086 3628 38:
1110 3557 1209 3634 αὐτοῖς
1232 3559 1267 3626 ἂν
1286 3563 1399 3634 τούτοις
1421 3560 1627 3646 ὶσχυροτάτυις

230 3663 272 3736 εἰς
294 3667 332 3729 τά
353 3668 513 3749 πράγματα
535 3663 677 3753 ἐχρῶντο,
698 3667 792 3733 ibid:
815 3669 866 3730 καί
887 3664 923 3752 ἠν
947 3661 1046 3739 αὐτοῖς
1070 3671 1191 3752 μέηιστα
1219 3668 1364 3751 τεκμήρια
1393 3664 1458 3728 κατ’
1483 3663 1573 3750 ἐμοῦ;
1595 3665 1627 3730 in

228 3770 256 3851 5.
272 3771 331 3834 42:
355 3765 372 3831 ὁ
386 3766 416 3831 ἐν
431 3781 471 3854 τῷ
488 3765 567 3853 αὐτῷ
582 3772 677 3856 πλοίῳ
698 3772 796 3835 πλέων
811 3774 862 3834 καί
876 3773 978 3853 παρὼν
1001 3771 1051 3834 διὰ
1064 3771 1168 3843 πίλους
1190 3775 1241 3835 καί
1263 3775 1357 3836 συνών
1382 3793 1450 3856 μοι;
1466 3770 1497 3834 in
1513 3771 1540 3852 5.
1565 3771 1625 3835 45:

228 3871 413 3957 ἐντιθεμὲνου
447 3875 480 3938 δὲ
513 3872 555 3946 είς
588 3877 622 3938 τὸ
644 3875 746 3940 πλοῖον
777 3877 808 3940 et
837 3875 966 3940 iterum:
1003 3873 1187 3960 ἐντιθεμὲνου
1218 3874 1260 3948 είς
1282 3878 1315 3939 τὸ
1337 3875 1440 3940 πλοῖον
1470 3875 1625 3959 leguntur.

227 3978 345 4042 Iterum
366 3996 438 4042 vero
462 3980 493 4043 et
516 3979 637 4061 saepius
660 3980 691 4044 in
714 3981 771 4044 hae
795 3979 932 4044 oratione
955 3999 1025 4045 reus
1049 3980 1196 4062 queritur,
1220 3981 1302 4064 quod
1324 3998 1430 4046 servus
1446 3979 1484 4043 ab
1501 3999 1627 4044 aecusa-

228 4081 347 4146 toribus
370 4083 548 4147 testimonio
572 4103 628 4147 suo
647 4083 686 4147 ad
702 4103 734 4147 se
751 4083 1015 4148 condemnandum
1038 4087 1162 4151 ooaotus
1186 4085 1224 4150 ab
1247 4085 1311 4150 illis
1334 4086 1437 4150 tamen
1462 4083 1624 4150 demedio

229 4185 369 4250 sublatus
393 4186 442 4250 sit.
468 4185 513 4251 of.
530 4187 561 4250 in
577 4187 605 4268 5.
622 4187 682 4251 84:
706 4183 773 4260 ἀλλ’
798 4184 966 4251 ἀπέκτειναν
990 4185 1111 4267 ἄγοντες
1132 4191 1181 4252 τάν
1206 4187 1300 4272 άνδρα
1322 4238 1432 4253 .....
1455 4185 1625 4272 dationes:

227 4289 258 4353 in
274 4289 301 4372 5.
319 4292 378 4354 36:
395 4287 488 4376 ἐχρῆν
505 4293 556 4375 μὲν
570 4294 627 4374 ηάρ
644 4340 776 4356 ......
795 4292 836 4376 μή
853 4289 1037 4376 ἀποκτείνας
1060 4293 1091 4357 in
1107 4294 1134 4377 5.
1152 4296 1211 4358 38:
1236 4287 1319 4356 αὐτοί
1340 4292 1373 4354 δέ
1396 4286 1476 4356 οὗτοι
1499 4289 1527 4355 οἱ
1549 4290 1624 4356 ἀπά-

226 4413 327 4473 γοντες
351 4444 435 4460 ....
462 4389 624 4480 ἠφάνισαν;
647 4396 678 4460 in
701 4396 728 4479 5.
752 4399 812 4462 46:
840 4397 856 4460 ὃ
879 4397 912 4459 δὲ
934 4401 985 4462 καί
1008 4399 1136 4483 μάλιστα
1159 4396 1337 4482 ἐνθυμεῖσθε
1362 4415 1489 4477 ..’..,.,
1514 4398 1625 4482 quibus

227 4499 328 4562 verbis
346 4498 464 4564 iudices
488 4501 622 4577 eratne
643 4520 733 4586 aegre
758 4502 866 4581 serant,
892 4502 974 4584 quod
991 4521 1042 4566 eos
1066 4502 1187 4584 saepius
1206 4502 1243 4566 de
1264 4500 1371 4570 eadem
1384 4521 1417 4567 re
1429 4503 1572 4566 moneat:
1589 4498 1625 4562 ἂν

229 4596 307 4686 ἀμᾶς
329 4603 475 4674 πολλάκις
497 4599 590 4667 ταῦτά
611 4605 739 4689 διδάξω,
762 4606 854 4671 ibid:
879 4603 922 4668 ὅτι
944 4608 992 4669 τάν
1016 4607 1144 4691 μηνυτὴν
1168 4602 1347 4685 ἀπέκτειναν,
1372 4606 1453 4684 alia„

329 4707 417 4772 idem
451 4710 573 4792 saepius
597 4709 741 4774 adfirmat
771 4730 804 4775 se
833 4711 923 4777 liberi
954 4711 1085 4775 hominis
1116 4709 1293 4774 testimonio
1316 4729 1437 4794 semper
1458 4711 1625 4775 liberatum

226 4830 303 4876 esse.
328 4811 373 4878 of.
389 4812 420 4876 in
436 4813 464 4895 5.
481 4816 540 4879 30:
566 4809 652 4886 οὗτος
677 4817 728 4899 μὲν
752 4811 837 4880 οῦδὲν
855 4814 916 4879 εἶπε
929 4818 995 4898 περί
1013 4813 1086 4900 ἐμοῦ
1103 4815 1253 4902 φλαῦρον,
1276 4815 1307 4880 in
1322 4816 1350 4898 5.
1365 4816 1425 4879 42:
1450 4815 1499 4876 διά
1520 4812 1624 4885 τέλους

226 5140 259 5194 30
285 5054 489 5194 Jah¹381assius
519 5073 543 5110 a.
561 5075 585 5112 υ.
605 5058 636 5114 Ο.
673 5060 699 5113 S.
719 5060 777 5114 182.
807 5091 839 5098 —
870 5058 892 5129 ²)
910 5059 1071 5130 Morawsky:
1090 5057 1217 5112 Zeitschr.
1247 5056 1264 5110 f.
1283 5056 1326 5110 die
1339 5058 1432 5109 ostem.
1457 5053 1625 5126 Gymnasien‚
1649 5065 1653 5074 '

261 5178 267 5191 .
352 5157 379 5213 g.
401 5142 427 5196 S.
448 5143 509 5198 165.
