3732 5852
863 253 1016 308 ..12-

236 471 371 536 rationes
393 469 517 548 firmas,
553 485 647 550 quas,
680 468 716 531 ut
748 483 842 532 causa
872 467 940 530 erat
970 467 1166 549 comparata,
1202 463 1320 532 adferre
1342 481 1403 530 nou
1424 463 1543 547 potuit,
1577 483 1637 531 nou

237 573 387 655 attulerit,
409 575 446 640 ut
469 591 540 638 cum
555 571 687 636 Linderc
704 568 738 657 ¹),
763 570 816 652 qui
832 569 1004 636 orationem
1020 568 1143 654 egregie
1160 567 1322 653 disposuit,
1344 569 1377 636 in
1398 570 1457 634 hac
1473 587 1638 654 argumen-

237 678 358 758 tationi,
383 675 496 762 quippe
520 694 598 760 quae
619 674 652 739 in
674 675 811 740 extremo
836 673 960 741 exordio
975 674 1067 757 plane
1083 673 1222 740 confecta
1237 673 1288 758 sit,
1311 674 1416 742 locum
1432 693 1554 740 sumam
1570 690 1637 740 esse

197 855 199 862 ,
236 799 327 866 posse
351 782 474 848 omnino
497 780 629 846 nullum.
673 781 770 845 Recte
792 779 889 868 igitur
910 779 1116 846 Anaximenes
1151 776 1195 866 (p.
1219 777 1293 860 221,
1318 780 1358 844 10
1380 797 1459 864 sqq,
1483 781 1557 860 231,
1581 777 1637 866 23)

236 887 386 953 hocloco
408 885 486 951 nihil
509 885 597 968 sequi
617 903 709 970 posse
733 883 889 950 existimat
906 884 966 952 nisi
989 887 1041 972 rho
1057 885 1267 972 δικαιολογίαν,
1291 903 1369 969 quae
1384 887 1522 966 vocatur,
1545 905 1639 970 quam

235 991 451 1077 purgationem
474 1009 544 1055 esse
564 989 813 1074 interpretamur,
837 989 920 1072 quod
943 993 1029 1056 actor
1052 1009 1176 1056 causam
1191 989 1289 1074 patris
1305 991 1413 1056 contra
1427 990 1638 1056 adversarium

236 1097 365 1162 fratrem
387 1115 569 1182 germanum
585 1093 738 1160 defendat.
777 1094 839 1161 Sed
861 1095 1022 1160 audiamus
1037 1094 1205 1165 Linderum
1227 1093 1331 1177 ipsum
1344 1095 1547 1179 loquentem:
1575 1096 1639 1177 ,Ac

237 1201 378 1285 sequitur
399 1199 629 1286 προκατάληψις
651 1198 715 1265 sive
737 1200 775 1262 τὰ
796 1199 872 1282 πρὸς
894 1201 944 1263 τὸν
967 1196 1111 1264 ἀντιδιαον
1135 1197 1246 1287 (Anax.
1261 1217 1291 1282 p.
1308 1201 1381 1280 223,
1405 1200 1446 1265 25
1463 1197 1535 1286 sq),
1559 1219 1638 1286 quae

237 1309 341 1371 tamen
364 1307 423 1370 hac
444 1305 475 1368 in
499 1305 636 1369 oratione
658 1305 704 1369 ita
726 1303 766 1368 ad
787 1304 1251 1388 hecauotoplursimilitudinem
1266 1307 1470 1387 accessemmt,
1492 1307 1529 1370 ut
1543 1305 1637 1372 simul

240 1412 272 1475 et
293 1407 414 1495 αὔξησιν
440 1401 471 1475 et
491 1413 663 1474 ταπείνωσιν
687 1407 798 1497 (Anax.
822 1412 903 1489 231,
939 1411 979 1473 27
1003 1409 1085 1498 sqq.)
1120 1412 1151 1474 et
1173 1411 1355 1494 argumenta
1385 1407 1419 1473 ἐκ
1446 1417 1499 1474 τοῦ
1521 1411 1638 1475 δικαίου

236 1514 335 1598 petita
357 1514 548 1580 continerent
571 1512 633 1600 (dg.
654 1512 830 1601 21-27)“.
845 1551 888 1561 -
904 1513 988 1594 Quae
1012 1515 1165 1580 sententia
1187 1513 1321 1595 Linderi,
1347 1515 1520 1598 quanobis,
1545 1536 1638 1600 quam

238 1621 380 1684 accurate
402 1617 539 1701 Antipho
563 1621 662 1684 artem
685 1619 852 1684 oratoriam
874 1619 919 1684 rei
941 1619 1118 1703 propositae
1135 1619 1424 1702 accommodaverit,
1447 1619 1638 1688 demonstre-

238 1725 299 1807 tur,
321 1723 449 1808 plurimi
468 1723 608 1789 ducenda
631 1726 687 1790 est.

211 1868 214 1874 -
341 1828 426 1894 Inter
448 1847 554 1894 omnes
578 1830 681 1894 autem
705 1828 822 1907 doctos,
846 1827 898 1909 qui
921 1826 1015 1893 adid
1036 1815 1159 1912 tempus
1182 1827 1213 1894 in
1228 1829 1287 1895 hac
1303 1829 1440 1897 oratione
1454 1830 1636 1898 indushiam

239 1952 327 1999 suam
349 1933 522 2015 ponebant,
556 1929 736 2018 Hoppius²)
766 1932 886 2015 primus
921 1931 1038 1997 animos
1060 1932 1231 2017 legentimn
1254 1935 1293 1999 ad
1314 1954 1381 2000 rem
1404 1937 1480 2001 satis
1501 1955 1635 2022 gravem,

237 2040 274 2104 ut
294 2037 372 2102 mihi
395 2038 520 2120 quidem
551 2037 689 2118 videtur,
721 2037 880 2103 convertit.
925 2037 956 2102 Is
987 2037 1086 2118 enim,
1119 2057 1210 2120 quem
1239 2038 1375 2123 Antipho
1408 2041 1577 2108 orationem
1605 2041 1637 2106 in

188 2141 192 2150 “
238 2161 401 2208 novercam
422 2142 588 2208 habentem
609 2140 702 2222 facit,
728 2145 796 2214 νέος
819 2145 867 2207 est
887 2144 939 2205 οιαὶ
961 2138 1082 2227 ἄπειρος
1103 2142 1193 2206 bruma
1216 2141 1258 2206 ἔτι
1271 2127 1307 2230 ³).
1351 2146 1461 2228 Itaque
1485 2149 1516 2211 et
1538 2145 1636 2211 oratio

239 2247 334 2312 aetati
356 2246 429 2312 talis
453 2247 584 2312 oratoris
607 2263 753 2340 parasse
777 2245 900 2327 debuit,
929 2267 951 2312 u
996 2265 1095 2332 neque
1129 2245 1246 2313 artibus
1278 2249 1400 2332 patroni
1431 2269 1530 2332 neque
1562 2250 1638 2314 iuris

175 2333 179 2344 ⁵
239 2351 450 2422 consultorum
472 2350 720 2417 distinctionibus
742 2335 911 2416 instructus
934 2351 991 2433 sit,
1029 2352 1085 2416 sed
1121 2372 1232 2436 genere
1263 2351 1384 2419 dicendi
1417 2355 1502 2419 tenui
1532 2355 1639 2419 utatur

240 2459 343 2539 spreta
359 2458 390 2520 et
406 2457 555 2521 sermonis
570 2455 798 2538 pulchritudine
808 2474 852 2521 ac
867 2457 1028 2522 structura·
1037 2457 1201 2522 verborum
1216 2458 1335 2540 hacque
1350 2457 1469 2522 ratione
1484 2458 1637 2523 iudicibus

240 2582 258 2626 a
280 2581 411 2627 noverca
433 2563 553 2646 patrem
576 2579 667 2626 suum
689 2560 886 2627 interfectum
909 2581 976 2626 esse
998 2581 1032 2627 se
1053 2581 1273 2645 persuasumm
1296 2581 1363 2627 esse
1385 2565 1498 2645 speret.
1539 2562 1639 2643 Quam

237 2666 278 2730 ob
309 2685 376 2731 rem
405 2665 595 2750 ineleganter
626 2665 781 2730 interdum
811 2667 977 2731 sententias
1008 2667 1144 2750 disponit
1174 2667 1357 2750 saepiusque
1387 2667 1578 2752 redintegrat
1608 2669 1639 2732 et

238 2789 456 2853 nonnunquam
476 2771 578 2836 verbis
600 2771 698 2835 utitur
721 2771 880 2836 obsoletis.
924 2771 1011 2836 Haec
1034 2773 1137 2838 omnia
1158 2772 1324 2856 respiciens
1347 2773 1505 2836 Maetmsr
1532 2774 1637 2836 tamen

239 2876 411 2940 orationem
441 2875 479 2939 ab
509 2874 698 2959 Antiphonte
729 2876 906 2942 abiudicare
929 2897 1021 2942 ausus
1044 2896 1105 2942 nou
1128 2880 1184 2942 est.
1228 2876 1255 2941 li
1278 2876 1355 2958 soli,
1388 2876 1440 2959 qui
1467 2878 1578 2959 postea
1602 2873 1639 2940 de

240 2978 441 3062 Antiphontis
464 2979 587 3064 scriptis
612 2980 854 3064 disputaremmt,
887 2981 1028 3065 inprimis
1050 2983 1177 3065 propter
1206 2983 1285 3047 hauc
1315 2981 1443 3047 nimiam
1474 2980 1639 3046 earundem

241 3084 463 3150 sententiarum
480 3084 694 3150 assiduitatem
718 3087 888 3150 orationem
902 3085 1015 3150 falsam
1039 3104 1105 3150 esse
1129 3085 1279 3152 dixerunt.
1302 3085 1331 3150 A
1358 3087 1437 3150 istae
1459 3084 1639 3150 iterationes

240 3191 374 3272 exeeptis
399 3188 518 3255 duabus
540 3189 572 3254 in
595 3189 622 3272 ἓ.
648 3191 684 3256 7:
708 3199 773 3261 πῶς
797 3185 848 3253 οὖν
871 3191 1069 3274 περὶτούτων
1096 3240 1185 3256 .....
1211 3185 1267 3254 οὖν
1289 3187 1394 3277 εἴληφε
1417 3194 1448 3255 et
1470 3190 1501 3254 in
1524 3189 1552 3271 ἓ.
1577 3190 1638 3253 12:

243 3293 269 3356 εὶ
291 3297 348 3377 γὰρ
370 3296 481 3358 τούτων
504 3294 654 3357 θελόντων
677 3294 792 3358 διδόναι
807 3344 915 3361 .....
932 3295 973 3381 μὴ
996 3290 1153 3381 ἠθέλησαν
1176 3296 1298 3380 δοῦναι,
1337 3314 1412 3379 quas
1444 3293 1585 3357 Blassius
1610 3293 1642 3354 at

242 3398 385 3482 Hoppius
408 3400 475 3464 iure
493 3399 695 3481 interpolatas
713 3417 780 3464 esse
796 3398 953 3486 dieuntt),
976 3399 1076 3465 miuus
1099 3400 1214 3464 habent
1236 3398 1421 3477 offensionis,
1447 3415 1539 3480 quam
1555 3393 1640 3477 quis-

246 3523 339 3585 quam
361 3503 525 3586 putauerit.
570 3503 741 3567 Accusator
765 3503 846 3568 enim
868 3522 1017 3569 novercae
1041 3503 1117 3569 dicit
1139 3522 1201 3584 eos,
1225 3522 1302 3585 quos
1326 3503 1385 3568 sibi
1405 3502 1437 3566 in
1460 3500 1640 3566 causatore

245 3606 402 3673 adiutores
426 3626 550 3689 sperare
566 3607 701 3688 deberet,
719 3626 752 3672 se
775 3626 918 3672 accusare
942 3607 1020 3700 cogi.
1033 3608 1112 3673 Vide
1134 3608 1166 3672 in
1178 3609 1207 3690 ξ.
1224 3605 1329 3678 2εοὸς
1351 3605 1431 3679 riade
1452 3603 1489 3692 ἦν
1506 3654 1639 3671 ......

243 3715 424 3786 καθεστᾶσιν
436 3708 576 3775 ἀντίδικοι
596 3715 648 3776 καὶ
670 3722 769 3800 φονεῖς
792 3715 823 3777 et
837 3712 869 3777 in
891 3713 920 3796 ἕ.
936 3714 974 3777 4:
1004 3710 1056 3783 οὓς
1078 3715 1135 3797 γὰρ
1159 3709 1253 3798 ἐχρῆν
1277 3762 1304 3778 ..
1320 3762 1326 3777 .
1342 3709 1429 3796 ,ἐμοὶ
1449 3710 1475 3772 δ’
1501 3708 1640 3775 ἀντίδικοι

244 3816 420 3880 καθιστᾶσι.
443 3815 596 3881 —Idem
626 3836 659 3882 se
688 3818 795 3882 mirari
826 3817 919 3897 dicit,
953 3817 1035 3899 quod
1064 3816 1159 3883 frater
1188 3816 1275 3899 pium
1307 3836 1374 3882 esse
1405 3815 1571 3881 arbitratus
1601 3813 1642 3879 sit

246 3919 377 3999 efficere,
414 3939 452 3988 ne
487 3922 587 3986 mater
620 3921 792 3986 damnetur.
838 3921 938 4002 Quam
975 3921 1210 3986 admirationem
1248 3921 1284 3984 ut
1318 3939 1410 4002 quam
1448 3919 1640 4001 apertissime

247 4023 410 4106 exprimat,
423 4025 552 4090 eandem
567 4025 761 4105 sententiam,
773 4044 865 4107 quam
877 4025 908 4088 in
923 4025 951 4108 §-
968 4026 987 4090 5
1009 4025 1192 4105 invenimus,
1208 4025 1240 4088 in
1263 4025 1291 4108 ᾗ.
1308 4026 1348 4088 28
1364 4024 1466 4089 iterat.
1489 4022 1518 4088 A
1532 4026 1641 4104 matre,

244 4146 300 4211 pro
325 4148 385 4210 qua
407 4128 500 4209 filius,
530 4130 566 4193 ut
588 4129 713 4194 sceleris
737 4129 925 4209 absolvatur,
956 4131 1054 4214 roget,
1087 4148 1281 4212 quacumque
1304 4128 1481 4195 condicione
1511 4147 1642 4211 poenam

168 4271 170 4274 -
244 4233 443 4315 repetendam
480 4253 565 4299 esse:
603 4251 672 4296 eam
706 4221 787 4316 enim
819 4231 1034 4298 foedissimum
1066 4234 1167 4300 scelus
1202 4233 1394 4299 commisisse
1427 4252 1483 4297 nec
1518 4231 1642 4315 dignam

247 4356 323 4416 esse,
359 4338 446 4403 errius
481 4357 667 4420 quemquam
699 4336 855 4416 misereat,
890 4337 1004 4420 quippe
1039 4356 1131 4419 quam
1163 4339 1262 4420 patris
1296 4357 1355 4402 non
1388 4336 1574 4401 miseruerit.
1600 4371 1643 4380 —-

245 4441 312 4507 Nec
334 4442 505 4525 miraberis,
530 4442 619 4526 quod*
634 4442 690 4507 has
713 4441 880 4506 sententias
904 4442 1065 4506 accusator
1094 4441 1125 4505 in
1147 4443 1196 4525 ἐς.
1220 4443 1358 4520 21-24,
1382 4439 1508 4504 25-27
1532 4456 1643 4522 genere

246 4545 367 4610 dicermi
390 4564 482 4627 quam
504 4547 631 4612 minime
653 4548 773 4612 mutato
797 4544 919 4628 repetit,
943 4545 1109 4610 dummodo
1133 4547 1269 4610 actorem
1292 4542 1503 4628 magnitudine
1518 4543 1643 4608 sceleris

245 4650 421 4736 permotum
443 4669 520 4733 nec,
559 4652 632 4734 quin
662 4671 793 4717 noverca
823 4650 924 4716 caedis
955 4649 1097 4734 princeps
1119 4648 1228 4730 finerit,
1267 4647 1397 4713 dubium
1418 4643 1500 4712 uelle
1524 4647 1644 4714 efficere

349 4894 369 4964 ¹)
387 4891 499 4947 Linder:
518 4892 559 4947 De
578 4910 666 4949 rerum
680 4894 856 4965 dispositione
869 4891 942 4963 apud
953 4867 1151 4963 Antiphontem
1164 4893 1192 4945 et
1203 4889 1377 4956 Andocidem,
1397 4893 1516 4946 oratores
1528 4889 1642 4958 Atticos,

246 4980 444 5034 commentatio.
463 4978 556 5049 Upsal.
577 4982 652 5047 1859,
671 4999 699 5051 p.
711 4982 753 5036 24.
772 4980 813 5036 cf.
833 4981 914 5034 etiam
932 4980 1070 5051 Hoppium
1087 4979 1106 5034 1.
1125 4997 1147 5034 c.
1165 4996 1192 5050 p.
1211 4980 1253 5034 23.
1273 5009 1306 5019 —-
1325 4979 1347 5052 ²)
1367 4979 1408 5036 Cf.
1424 4980 1443 5034 l.
1464 4997 1485 5033 c.
1504 4996 1531 5049 p.
1549 4980 1592 5034 23,
1610 5008 1643 5018 —-

246 5066 269 5142 ⁸)
288 5065 329 5122 Of.
349 5085 386 5121 or.
400 5070 425 5138 g.
440 5068 462 5122 1.
477 5099 509 5106 -—
522 5068 544 5140 ⁴)
564 5068 706 5122 Schmittio
722 5068 795 5134 locis,
809 5068 842 5122 de
857 5068 952 5137 quibus
966 5070 1178 5135 commemoravi,
1192 5069 1266 5124 nurlla
1278 5069 1393 5140 suspicio
1408 5068 1516 5123 subesse
1530 5067 1643 5124 videtur.
