3732 5852
842 303 936 357 ...25
965 334 994 345 -

218 539 289 584 cum
310 521 342 582 51
365 517 556 582 audientium
590 532 754 580 conuersus
778 512 870 591 dicit,
895 511 977 595 quod
1009 511 1115 596 negari
1148 530 1209 576 nou
1239 512 1359 594 potest,
1394 512 1477 596 quod
1508 531 1562 596 per
1585 530 1618 578 so

218 622 419 706 perspicuum
442 624 474 684 et
494 619 662 686 uerisimile
685 620 741 696 est,
757 619 794 682 ut
816 617 1101 682 suamsententiam
1122 615 1290 681 confirmet.
1323 615 1369 682 61.
1388 617 1413 698 I,
1429 617 1459 695 4,
1483 617 1534 696 26,
1558 618 1617 694 28;

216 727 255 806 V,
277 727 330 807 45,
354 727 418 804 533
439 725 493 805 VI,
506 726 558 803 29,
574 726 627 802 43,
642 723 694 802 47,
717 722 797 800 5115;
820 722 881 808 551
894 721 969 803 ipse
985 741 1018 787 se
1039 721 1211 804 interrogat
1234 721 1265 785 et
1288 719 1348 786 sibi
1370 720 1544 804 respondet.
1570 719 1618 786 61.

216 831 243 910 Ι,
269 831 321 908 25;
346 829 386 909 V,
410 831 463 908 58,
486 830 539 907 63,
562 828 624 894 5115
636 825 671 914 ¹).
693 825 947 909 Anephoram
970 824 1240 892 animadvertimus
1262 823 1294 890 iu
1315 824 1346 905 I,
1372 823 1618 911 1755511555δὴ

220 983 389 1000 ......
411 929 604 1017 5515551δῄ
649 931 687 996 51.
710 933 770 1010 25;
793 931 825 994 m
847 930 886 1010 V,
912 931 967 995 12:
991 927 1146 1015 ἀνώμοτος
1170 932 1222 1014 μὲν
1352 977 1358 993 .
1390 925 1545 1017 ἀνώμοτος
1566 932 1617 1014 δὲ;

222 1039 260 1103 51.
283 1039 336 1117 44,
360 1039 412 1118 45,
436 1039 488 1117 58,
512 1039 570 1114 62;
593 1037 625 1102 in
646 1037 700 1116 VI,
726 1037 783 1101 17:
806 1038 858 1099 5511
880 1033 907 1098 εἴ
927 1055 1014 1123 φασιν
1039 1032 1157 1120 ἀδικεῖν,
1181 1031 1270 1106 εἴτις
1293 1030 1457 1119 ἐκέλευσεν,
1482 1033 1539 1116 ἐγὼ
1563 1030 1619 1100 edu

217 1139 321 1226 dorse,
344 1137 379 1206 51
401 1145 458 1225 γὰρ
480 1139 649 1204 lustrense·
670 1137 864 1227 maielpotus
881 1137 1007 1224 ἀδικεῖν,
1031 1137 1059 1204 εἴ
1077 1159 1123 1216 τις
1143 1134 1311 1224 ἠνάγκασεν
1329 1139 1411 1223 susq
1436 1139 1474 1206 51.
1498 1141 1548 1222 25,
1565 1143 1616 1207 34.

217 1245 454 1312 Reticentiee
476 1245 587 1329 figura,
609 1265 701 1328 quam
712 1245 853 1310 Blassius
874 1244 1097 1328 Antiphontem
1109 1243 1285 1310 adhibuisse
1301 1243 1440 1333 555511),
1466 1243 1618 1312 invenitur

216 1355 249 1420 iu
259 1350 285 1432 I,
303 1352 361 1415 13:
377 1347 444 1412 ἀλλ’
462 1343 718 1435 5155115555εώ
735 1336 862 1434 turpem
879 1349 912 1413 in
927 1348 965 1428 V,
981 1351 1040 1415 41:
1065 1344 1099 1412 ed
1115 1352 1214 1434 χάριτι
1234 1358 1271 1434 τῇ
1296 1347 1465 1435 ἐμῇ-πῶς
1485 1354 1559 1436 γάρς
1584 1347 1618 1424 ὅς

217 1475 250 1534 γε
273 1455 497 1538 suceptionem
521 1456 581 1519 86:
606 1454 647 1540 μὴ
670 1447 752 1538 ὑμεῖς
773 1476 816 1538 qe,
841 1450 864 1516 ὦ
888 1450 1013 1538 ἄνδρες;
1035 1454 1067 1520 15
1082 1454 1136 1535 VI,
1163 1455 1219 1520 15:
1244 1449 1278 1518 cb
1302 1455 1378 1540 δῆτα
1401 1452 1539 1543 155551)

319 1560 381 1624 1155
403 1559 520 1642 figuras
543 1561 656 1638 autem,
680 1559 790 1640 quibus
810 1559 989 1641 posterioris
1013 1559 1123 1624 aetatis
1147 1562 1284 1625 oratores
1301 1559 1410 1626 animis
1427 1560 1618 1628 audientiruu

217 1662 363 1728 stimulos
386 1663 497 1728 addere
520 1683 633 1746 eosque
657 1682 849 1730 commouere
872 1664 1047 1744 studebant,
1070 1665 1231 1747 usurpauit
1252 1663 1365 1730 nullas.
1402 1665 1444 1728 111
1465 1665 1618 1749 sagaciter

218 1767 393 1832 observavit
414 1766 449 1832 Ο.
472 1768 607 1833 Mueller
619 1765 646 1854 4)
669 1767 892 1852 Antiphontem
914 1769 1040 1853 eiusque
1057 1769 1201 1853 aequales
1214 1770 1309 1836 animi
1322 1768 1484 1835 cniusdam
1497 1769 1616 1838 ardoris

219 1873 251 1935 et
273 1871 451 1936 calliditatis
475 1874 614 1955 expertes
636 1891 703 1938 rem
726 1891 762 1938 eo
785 1873 921 1939 nondum
942 1874 1132 1958 perduxisse,
1144 1876 1180 1939 ut
1202 1874 1300 1938 oratio
1322 1874 1392 1958 ipsa
1415 1874 1454 1940 ad
1476 1875 1617 1941 fallacias

216 1974 375 2060 fingendas
397 1976 596 2042 adhiberetur
611 1975 646 2063 5).

320 2079 448 2164 Saepius
470 2079 607 2164 Antipho
632 2081 814 2148 elocutionis
836 2082 953 2166 figuris,
978 2102 1055 2166 quae
1079 2077 1222 2168 σχήματα
1237 2083 1346 2157 λέξεως
1362 2086 1519 2163 vocantur,
1543 2102 1617 2148 5555

219 2187 275 2250 551.
320 2184 368 2250 De
391 2186 521 2268 551155,
550 2185 606 2252 511
629 2186 667 2252 de
688 2188 853 2252 verborum
876 2188 995 2252 ‘ambitu
1017 2188 1111 2254 verba
1132 2189 1298 2270 faciemus,
1329 2189 1503 2272 loquemur.
1551 2189 1618 2253 Hoc

215 2288 286 2354 loco
303 2289 336 2353 id
348 2309 444 2356 unum
456 2289 542 2374 tangi
557 2290 651 2356 velim
666 2290 809 2375 figuram,
833 2311 911 2374 quae
927 2291 1070 2372 efficitur,
1094 2311 1164 2358 cum
1180 2293 1273 2358 verba
1287 2293 1431 2358 similiter
1447 2292 1618 2358 1551555115

219 2393 461 2476 coniunguntur,
499 2413 592 2476 quam
614 2395 756 2478 Heppius
778 2395 859 2460 falso
882 2397 1103 2462 sententiarum
1125 2397 1232 2480 digneris
1256 2397 1455 2478 edomuerat,
1494 2395 1616 2480 5555155

217 2515 319 2579 55555,
334 2498 388 2563 511
412 2497 449 2563 de
464 2499 693 2564 coacervatione
707 2499 871 2564 uerborum
887 2502 1172 2584 cognominatomm
1188 2501 1302 2566 mentio
1320 2501 1422 2580 115151,
1435 2499 1562 2567 15555151
1579 2497 1615 2584 1).

320 2602 438 2668 Verum
461 2603 500 2668 ad
522 2603 623 2687 ipsam
644 2604 733 2668 illam
756 2605 943 2670 structruem
966 2605 1173 2687 periodorum,
1198 2625 1276 2688 5555
1300 2607 1348 2670 551
1369 2605 1398 2670 15
1415 2603 1615 2686 Antiphontis

217 2707 417 2788 orationibus,
439 2709 633 2775 tractandam
654 2708 898 2793 progrediamur.
944 2709 1012 2791 Qua
1033 2710 1064 2774 in
1087 2729 1121 2774 re
1142 2709 1199 2774 uiri
1224 2708 1306 2774 drrcti
1330 2708 1368 2774 ml
1391 2727 1486 2774 55555
1510 2727 1615 2774 555555

218 2809 254 2874 0.
277 2810 457 2898 Μ55115511)
481 2813 539 2878 hac
562 2811 600 2877 de
623 2832 655 2877 re
674 2813 857 2878 sententiam
880 2814 1097 2897 adprobanmt.
1122 2814 1151 2878 ls
1175 2812 1397 2896 Aritipbontem
1420 2811 1616 2896 diciturque

217 2913 294 2986 λέξει
316 2913 471 3001 51555555,
495 2935 573 2999 5555
595 2919 739 2996 vocabu,
770 2917 969 3002 5555514155
999 2920 1245 3004 5555555555
1280 2917 1344 2998 511,
1368 2915 1422 2982 seed
1458 2917 1537 2984 istm
1561 2917 1615 2984 155

219 3017 340 3083 dicendi
377 3019 510 3085 rationes
539 3021 678 3086 medium
706 3023 811 3087 tenere
842 3024 957 3102 lecum,
990 3041 1177 3106 quamquem
1211 3023 1322 3106 5515515
1347 3021 1466 3088 dicendi
1494 3021 1614 3105 5555515

221 3122 310 3203 ratio,
323 3123 377 3189 ubi
400 3123 522 3209 singula
544 3126 702 3192 enuntiata
724 3126 885 3192 coniuncta
907 3129 962 3192 aut
984 3128 1126 3210 opposita
1149 3129 1326 3211 appareant,
1351 3128 1494 3194 usitatior
1518 3128 1559 3194 sit
1587 3136 1609 3212 ).

219 3263 263 3272 -
286 3227 386 3308 Quam
419 3229 565 3295 Muelleri
598 3230 782 3296 sententiam
816 3251 851 3296 eo
886 3232 985 3315 magis
1018 3233 1134 3316 probo,
1170 3251 1231 3314 quo
1266 3231 1386 3300 15511155
1421 3233 1497 3300 1555
1531 3231 1615 3316 prior

218 3331 339 3396 dicendi
360 3333 440 3398 ratio
464 3337 511 3400 est
533 3338 565 3400 et
587 3355 646 3419 quo
668 3336 771 3402 minus
793 3335 941 3419 Antipho,
964 3337 1017 3418 qui
1040 3337 1222 3420 dignitatem
1247 3338 1614 3420 5155511151551555155-
1647 3379 1651 3394 ,

216 3434 330 3500 tiorum
352 3438 486 3502 maxime
508 3440 678 3522 spectabat,
692 3440 801 3523 primis
822 3441 887 3505 illis
904 3441 1099 3524 eloquentiae
1114 3440 1305 3524 temporibus
1322 3439 1468 3506 orationis
1485 3440 1614 3504 1555555

219 3558 325 3604 curare
347 3544 479 3624 5515551.
524 3543 614 3624 Quod
647 3564 718 3609 vero
752 3544 888 3627 Antipho
919 3544 1041 3610 uullmu
1064 3544 1185 3610 dictandi
1207 3564 1322 3628 55555,
1361 3544 1616 3630 5551555551

220 3645 321 3710 selum
345 3649 434 3725 esset,
457 3647 646 3730 usurpabat,
668 3649 790 3714 ineius
814 3649 934 3714 dicendi
957 3669 1070 3732 genere
1092 3669 1151 3714 non
1175 3649 1385 3730 inveniuntur,
1424 3668 1501 3732 5555
1525 3646 1614 3712 55155

219 3748 340 3832 generis
362 3751 487 3833 propria
507 3751 579 3830 sint,
601 3772 700 3836 neque
722 3753 863 3838 Dionysii
885 3754 1168 3820 Halicarnassensie
1192 3753 1447 3838 descriptoribus
1464 3745 1615 3836 51555555

219 3849 363 3938 ἁρμονίας
384 3855 498 3920 iudicio
522 3855 605 3922 omni
628 3877 664 3922 er
686 3861 774 3940 parte
797 3859 939 3922 assentiri
973 3878 1150 3942 possumus,
1186 3859 1269 3942 quod
1303 3859 1365 3924 inm
1388 3876 1424 3922 er
1447 3856 1615 3938 figurarum

216 3977 286 4038 555,
299 3979 390 4041 quem
405 3960 571 4044 Dionysius
585 3961 623 4027 ab
640 3962 841 4044 scriptoribus
857 3958 1010 4047 51555555
1025 3960 1169 4048 51555515
1186 3961 1382 4040 abiudicavit,
1400 3978 1565 4040 cognosces
1577 3958 1613 4046 ⁰).

218 4061 301 4126 Nem
333 4064 382 4128 his
414 4064 491 4148 ipsis
523 4066 617 4130 variis
653 4066 774 4132 dicendi
806 4067 976 4133 rationibus
1003 4067 1150 4134 adhibitis
1182 4069 1352 4134 orationem
1379 4084 1467 4130 suern
1499 4065 1613 4130 veriam

219 4168 401 4248 gratamque
421 4167 565 4234 reddidit.
587 4170 726 4250 Accedit,
751 4172 834 4254 quod
856 4173 1010 4238 orationes
1033 4172 1256 4256 Antiphontem
1272 4171 1371 4236 obiter
1386 4171 1615 4252 percurrentem

218 4287 278 4336 uon
308 4269 408 4355 lugiet
437 4273 575 4357 singulas
605 4294 711 4340 eamm
740 4279 844 4358 partes
875 4296 934 4342 non
962 4277 1070 4343 eadem
1093 4296 1199 4344 omncs
1232 4294 1306 4340 cura
1340 4273 1513 4338 elaboratas
1537 4292 1612 4336 esse.

218 4374 313 4439 Velut
342 4376 373 4440 in
405 4379 570 4460 prooemiis
593 4383 625 4444 51
647 4381 779 4464 epilogis
801 4381 984 4465 plerumque
1006 4381 1170 4446 concinnae
1192 4376 1311 4461 periodi
1333 4376 1544 4454 inveniuntur;
1576 4374 1614 4440 cl'.

220 4479 343 4560 quintae
365 4483 513 4549 orationis
535 4485 742 4566 prooemium,
766 4486 853 4551 55155
886 4485 1006 4569 periodi
1027 4485 1128 4550 multa
1150 4485 1216 4547 arte
1237 4484 1310 4547 sunt
1331 4480 1467 4546 limatae.
1513 4477 1614 4546 Simili

212 4693 216 4703 ·
326 4671 346 4740 ¹)
365 4670 415 4736 Ct,
435 4672 507 4742 qnod
524 4673 645 4728 Blassius
664 4690 687 4727 a.
706 4690 730 4727 5.
749 4672 781 4727 0.
800 4675 827 4728 S.
848 4673 897 4727 133
916 4672 990 4726 dicit.
1003 4701 1036 4712 -
1056 4671 1077 4740 ²)
1095 4671 1128 4723 A.
1146 4686 1170 4723 5.
1189 4668 1221 4723 0.
1240 4669 1267 4723 S.
1287 4669 1344 4724 134.
1363 4699 1395 4710 -
1416 4665 1613 4740 3)Ηο551551.

220 4752 237 4808 l.
255 4771 283 4826 p.
301 4757 343 4811 52.
372 4789 407 4800 -
435 4759 709 4832 4)(151551.1.11.Π.
740 4761 767 4815 S.
788 4762 837 4815 133
855 4761 882 4814 ff.
901 4761 937 4831 (4.
955 4758 1036 4828 Aufl.)
1065 4787 1098 4796 -
1129 4757 1151 4828 ⁵)
1181 4757 1301 4810 Blessius
1320 4774 1344 4812 a.
1363 4774 1387 4812 5.
1406 4756 1438 4811 0.
1457 4755 1484 4810 S.
1505 4756 1561 4814 134.
1580 4783 1614 4796 ·-

219 4845 241 4916 ⁶)
261 4843 343 4900 Cuius
361 4847 461 4914 figurae
480 4847 533 4900 alie
551 4847 671 4916 exempla
690 4847 813 4917 Heppius
841 4847 858 4900 l.
878 4863 899 4899 c.
918 4864 945 4915 p.
963 4846 997 4900 52
1015 4843 1125 4913 profert
1140 4875 1169 4882 -
1184 4845 1206 4914 i)
1226 4843 1332 4898 Griech.
1350 4845 1404 4898 Lit.
1422 4841 1459 4895 H.
1479 4841 1506 4895 S.
1526 4842 1574 4894 130
1585 4841 1615 4896 ff.

220 4959 247 4972 ·-
272 4931 295 5002 ⁸)
315 4930 356 4987 Cf.
375 4933 413 4987 ll.
433 4933 465 4988 G.
483 4933 632 5000 Perrotum,
651 4935 741 4989 Reruc
760 4934 807 4990 des
820 4935 896 4989 Dour
913 4932 1034 4994 Mendes,
1052 4932 1085 4984 41
1104 4933 1196 4995 eunde,
1215 4932 1311 5000 5433
1329 4931 1437 4999 ff.-⁹)
1456 4928 1614 4996 Bellingius:

220 5015 261 5072 De
280 5019 447 5088 periodorum
467 5021 709 5092 Antiphontearnm
728 5023 889 5094 synmretria.
908 5021 980 5075 Dies.
998 5019 1187 5084 Vratislariee,
1203 5020 1278 5084 1868,
1297 5037 1323 5089 p.
1336 5019 1370 5072 64
1388 5034 1428 5086 55.
1441 5014 1541 5069 Contra
1554 5032 1612 5070 eum

221 5103 287 5158 dicit
305 5105 460 5162 Goolkelius
479 5109 497 5163 l.
516 5127 538 5163 c.
557 5127 583 5182 5.
603 5111 645 5165 33.
