3732 5852
862 285 1015 338 ..8,

240 494 396 560 concludit
420 494 522 560 dicens
545 513 575 576 p.
599 493 701 559 XLV:
723 503 854 557 001αο00
877 541 985 558 .....
986 442 1010 557 ὓ.
1029 541 1036 556 .
1054 439 1067 556 ,ι
1086 513 1107 554 α
1129 488 1316 576 quibusdam
1329 487 1504 567 dubitatur,
1528 489 1635 565 restat,

238 603 275 666 ut
296 599 415 665 nullam
445 598 540 665 aliam
574 598 749 664 adferamus
771 597 955 664 sententiam
976 594 1036 661 nisi
1061 614 1079 660 a
1101 593 1265 662 Schmittio
1288 593 1321 658 et
1346 591 1457 658 Pahlio
1481 591 1636 658 defensam

241 703 411 772 orationem
435 703 556 770 omnino
579 722 640 770 non
664 721 730 768 esse
752 701 1003 797 Antiphonteam.

343 825 412 908 Qui,
437 825 519 908 quod
539 824 679 905 tendunt,
703 823 836 890 10101001
858 823 988 890 etlocis
1012 820 1160 888 orationis
1184 819 1370 904 quibusdam
1393 821 1424 886 et
1438 819 1541 898 rebus,
1558 835 1636 900 qnae

238 931 269 996 in
294 932 431 997 oratione
452 930 573 1009 insunt,
611 928 691 994 inter
713 947 746 993 se
768 928 1010 1013 repugnantibus
1031 946 1130 1010 neque
1151 925 1253 992 minus
1278 945 1314 991 ea
1335 945 1385 1005 re,
1424 923 1507 1007 quod
1530 920 1637 988 eadem

239 1037 361 1120 saepius
391 1036 541 1100 iterantur
572 1036 664 1117 atque
697 1032 892 1100 inveniuntur
923 1033 1071 1100 sermonis
1100 1031 1176 1096 vitia
1206 1029 1392 1113 insolitaque
1422 1030 1524 1095 verba.
1569 1033 1636 1103 Nec
1676 1043 1679 1051 “

238 1142 390 1208 rationem
411 1141 526 1218 ineunt,
551 1138 704 1222 quomodo
720 1158 769 1204 res
786 1139 824 1204 ab
842 1138 962 1204 oratore
984 1138 1189 1219 pertractatae
1206 1135 1275 1215 sint,
1299 1154 1355 1201 000
1371 1155 1431 1218 qno
1446 1136 1523 1202 nihil
1538 1138 1636 1222 plnn's

240 1267 308 1312 esse
330 1245 464 1330 primum
485 1235 659 1324 Maetzner,
695 1245 763 1308 tum
794 1247 825 1308 et
858 1241 1041 1327 Spengelins
1071 1243 1103 1305 et
1127 1239 1268 1304 Blassius
1292 1240 1324 1304 et
1344 1239 1487 1323 Hoppius
1511 1240 1636 1307 demon-

240 1352 430 1431 straverunt,
468 1351 547 1414 hano
578 1349 748 1415 orationem
781 1333 852 1416 cum
880 1337 1069 1414 orationibus
1093 1345 1200 1429 quinta
1223 1345 1253 1409 et
1275 1345 1362 1408 sexta
1384 1347 1571 1428 comparant.
1594 1385 1637 1393 —

240 1456 302 1522 Sed
325 1453 465 1539 quamvis
487 1472 547 1518 non
569 1452 679 1533 000110,
704 1472 781 1536 qnae
793 1452 929 1538 Antipho
953 1451 1112 1535 scripsisse
1134 1449 1322 1533 perhibetur,
1341 1448 1380 1515 ad
1402 1451 1480 1516 hanc
1504 1452 1637 1516 aetatem

239 1559 432 1644 pervenerint
454 1578 510 1624 nec
528 1558 730 1643 tetralogiae,
744 1575 822 1642 qnae
845 1555 1055 1634 exercitationi
1078 1554 1203 1638 quidem
1224 1554 1284 1622 soli
1305 1546 1483 1635 inserviunt,
1507 1555 1635 1620 oratoris

239 1667 343 1731 antem
365 1663 522 1748 ingenium
546 1663 759 1742 strationem,
783 1681 876 1746 quam
904 1661 1062 1746 ingressus
1086 1663 1143 1741 est,
1166 1659 1315 1725 facillime
1336 1659 1470 1743 perspici
1485 1659 1589 1726 sinunt
1600 1657 1636 1748 ¹),

240 1768 464 1852 comparandae
487 1767 557 1847 sint,
572 1770 676 1832 tamen
699 1786 735 1832 ex
757 1765 1022 1846 similitudinibus,
1040 1784 1117 1848 quae
1141 1764 1271 1831 orationi
1286 1765 1404 1848 primae
1428 1784 1498 1830 cum
1521 1765 1637 1830 oratio-

239 1874 328 1940 nibus
352 1874 460 1956 quinta
483 1876 514 1938 et
536 1874 623 1938 serta
645 1874 726 1953 sunt,
761 1891 892 1954 quarum
927 1871 1042 1950 altera,
1067 1869 1206 1954 quintam
1229 1869 1315 1950 dico,
1342 1871 1468 1953 propter
1491 1869 1637 1934 orationis

240 1979 406 2057 sententias
430 1980 522 2060 atque
546 1977 732 2062 elegantiam
746 1974 945 2060 Antiphontis
967 1975 1149 2042 facultatem
1172 1973 1337 2040 oratoriam
1354 1973 1523 2039 certissime
1545 1973 1637 2039 meti-

239 2101 309 2150 mur
320 2080 357 2169 ²),
382 2083 496 2162 altera,
521 2071 599 2166 quae
632 2085 771 2166 0001000
793 2087 939 2166 χορεοτοῦ
969 2079 1159 2159 inscribitur,
1197 2080 1322 2162 propter
1344 2077 1480 2143 similem
1502 2097 1637 2158 causam,

239 2188 276 2251 01
297 2206 368 2252 cum
392 2186 527 2251 oratione
550 2186 863 2269 prima-conferatur,
886 2185 1080 2269 postulatur,
1103 2183 1301 2268 gravissimas
1318 2181 1428 2248 deduci
1449 2199 1541 2265 posse
1565 2201 1637 2246 con·

240 2291 392 2357 clusioues
415 2291 568 2356 neminem
590 2294 774 2374 praetereat.

344 2393 435 2460 Omni
457 2397 579 2486 autern,
602 2395 638 2459 01
658 2415 729 2461 mea
751 2394 875 2478 quidem
898 2395 946 2460 001
967 2393 1089 2478 opinio,
1111 2393 1309 2460 fundamento
1334 2393 1560 2474 argumentum,
1584 2409 1639 2456 000

238 2500 316 2565 haec
338 2500 436 2564 oratio
460 2500 497 2564 ab
520 2499 710 2582 Antiphonte
733 2497 935 2564 abiudicanda
952 2498 1016 2590 sit,
1041 2499 1124 2563 caret
1159 2499 1227 2576 hoo,
1252 2495 1334 2580 qnod
1359 2495 1502 2562 carullo
1526 2492 1594 2560 loc'o
1620 2514 1638 2558 a

239 2605 393 2670 veteribus
417 2605 618 2687 scriptoribus
642 2605 901 2670 commemoratur
915 2599 956 2689 ³),
990 2622 1060 2668 curn
1082 2601 1132 2667 nel
1155 2600 1337 2680 orationum,
1370 2619 1448 2683 quae
1470 2601 1637 2683 perierunt,

239 2710 391 2775 vocabula
426 2707 641 2795 1001001004).
666 2709 780 2774 Contra
812 2709 969 2772 Maetnner
982 2704 1006 2794 ⁵)
1039 2707 1225 2790 scriptomm
1257 2708 1396 2770 veterum
1430 2704 1554 2771 silentio
1578 2723 1638 2768 non

242 2817 384 2880 movetur
402 2833 458 2880 nec
472 2815 611 2894 Pahlins,
636 2832 743 2900 censor
764 2813 819 2877 ille
841 2812 933 2877 100100
957 2811 1104 2878 orationis
1127 2811 1304 2888 acerrimus,
1327 2808 1399 2874 huic
1421 2808 1466 2873 rei
1487 2809 1635 2874 00000001Ι

244 2918 412 3001 quidquam
428 2919 569 2986 attribuit
582 2915 618 3003 6).
634 2919 761 2984 Veteres
774 2918 882 3000 utique
897 2915 1094 3001 grammatici
1110 2915 1141 2978 et
1154 2913 1365 2996 lexicographi
1380 2913 1411 2979 in
1426 2913 1485 2978 hac
1501 2912 1637 2977 oratione

242 3022 424 3088 brevissima
446 3024 524 3088 nihil
538 3025 746 3106 reppererunt,
772 3020 855 3104 quod
879 3018 1181 3086 commemorandum
1206 3019 1296 3098 esset,
1320 3017 1424 3099 itaque
1447 3018 1525 3096 hano
1547 3016 1637 3081 facile

245 3126 368 3192 silentio
395 3128 629 3210 praeterierunt.

347 3231 465 3298 Deinde
489 3227 690 3316 8010011107)
714 3229 808 3294 verba
831 3228 995 3312 displicent
1017 3229 1045 3312 §-
1072 3228 1110 3293 17
1133 3227 1187 3307 ita,
1209 3228 1245 3292 01
1266 3226 1406 3306 miretur,
1430 3225 1505 3308 qnid
1526 3223 1639 3309 paelici

245 3334 481 3414 deliberatione,
511 3337 617 3400 utrum
638 3353 788 3399 venenum
821 3325 890 3398 ante
914 3353 1021 3422 cenam
1052 3332 1104 3398 det
1127 3351 1164 3398 an
1194 3333 1275 3413 post,
1300 3350 1376 3413 opus
1400 3330 1458 3408 sit,
1482 3349 1553 3395 cum
1574 3329 1638 3394 vim

245 3441 389 3523 potionis,
413 3438 495 3522 quod
511 3459 546 3504 ex
563 3438 663 3504 verbis
687 3439 715 3522 ἓ.
733 3439 772 3501 19
797 3437 874 3501 00101
895 3437 1004 3520 possit,
1028 3436 1163 3502 nondum
1185 3435 1321 3513 noverit;
1345 3436 1437 3517 atque
1461 3453 1496 3498 ex
1518 3433 1637 3498 verbis:

246 3547 320 3628 μετὰ
350 3545 464 3606 δεῖπνον
493 3542 596 3606 δοῦναι
625 3553 680 3632 τῆς
711 3539 979 3626 Κλυταιμνήστρας
1013 3549 1067 3625 τῆς
1099 3541 1204 3603 codron
1236 3540 1348 3624 μητρὸς
1382 3532 1551 3622 ὑποθήκαις
1574 3533 1639 3622 ἅμα

244 3649 441 3712 διακονοῦσαν
465 3644 577 3732 (617)
602 3646 698 3726 effici,
714 3648 751 3712 ut
772 3665 903 3712 noverca
925 3645 1076 3729 paelicem
1090 3642 1163 3726 post
1178 3662 1286 3709 canam
1307 3661 1458 3708 uenenum
1480 3641 1639 3706 infindere

244 3752 379 3818 iusserit.
404 3752 503 3832 Quam
526 3770 592 3815 rem
614 3749 659 3815 ita
681 3769 714 3816 se
737 3752 850 3817 habere
880 3750 1077 3838 perspicuum
1101 3749 1164 3826 est,
1199 3766 1271 3812 narn
1298 3745 1357 3811 hoc
1378 3745 1471 3810 modo
1496 3746 1561 3810 eins
1584 3743 1638 3824 rei,

248 3875 341 3939 quam
355 3873 504 3920 novercae
522 3855 716 3937 promiserat,
739 3855 833 3920 fidem
848 3853 1017 3938 praestitit:
1040 3849 1143 3938 ἠρώτα
1166 3847 1217 3916 οὖν
1240 3845 1341 3934 αὐτὴν,
1365 3847 1391 3912 et
1413 3847 1556 3934 ἐθελήσαι
1577 3849 1638 3911 δια·
1685 3857 1688 3864 ·

244 3964 371 4046 nannoni
392 3957 430 4044 oi,
459 3957 551 4043 ααίἣ
588 3953 731 4044 ὑπέσχετο
764 3957 808 4036 ὡς
840 3964 984 4046 τάχιστα,
1012 3954 1093 4043 οἶμαι
1121 3955 1177 4044 (ἓ.
1200 3953 1264 4042 16).
1310 3955 1372 4020 Cur
1404 3956 1508 4018 autem
1529 3952 1642 4037 paelici

248 4067 347 4130 semet
367 4065 469 4147 ipsam
491 4064 522 4128 iu
546 4053 709 4129 consilium
733 4063 878 4130 adhibere
901 4085 961 4130 non
983 4063 1081 4143 licuit,
1099 4080 1176 4145 qnae
1198 4060 1231 4125 id
1253 4059 1393 4143 inprimis
1417 4059 1490 4142 egit,
1513 4061 1550 4123 ut
1564 4057 1639 4122 Phi-

249 4169 340 4249 10001,
365 4169 418 4252 qui
441 4189 509 4234 eam
530 4169 562 4232 10
584 4168 725 4250 lupanari
749 4169 957 4234 collocaturus
981 4165 1102 4253 00018),
1126 4166 1157 4230 in
1179 4163 1281 4248 ipsam
1304 4183 1391 4230 arnor
1414 4162 1513 4228 denuo
1535 4163 1639 4228 incen-

248 4273 388 4353 deretur,
411 4272 444 4337 id
466 4273 549 4356 quod
570 4291 716 4356 prospere
748 4291 906 4362 cessurum
930 4291 996 4338 esse
1018 4291 1149 4338 noverca
1170 4271 1312 4353 pollicita
1335 4271 1428 4334 erat?
1443 4267 1468 4354 l)
1492 4304 1536 4314 -
1557 4269 1639 4332 Dare

245 4397 396 4443 venenum
418 4378 481 4442 iam
504 4380 573 4442 ante
597 4377 625 4442 01
648 4378 766 4442 certum
790 4375 1054 4458 deliberatumque
1076 4375 1144 4454 init,
1167 4376 1226 4440 hoc
1247 4393 1320 4440 vero
1344 4391 1449 4439 secum
1471 4371 1644 4454 reputavit,

246 4485 352 4548 utmm
392 4484 461 4547 ante
495 4501 602 4547 cenam
635 4502 673 4546 an
695 4483 767 4565 post
798 4481 1044 4564 vinopetionem
1077 4479 1265 4564 porrigeret,
1300 4480 1331 4542 et
1364 4476 1527 4542 consilium
1557 4474 1639 4557 cepit

247 4587 355 4652 veneni
376 4589 448 4670 post
470 4605 590 4667 cenam,
625 4606 695 4652 cnm
731 4586 789 4652 diis
812 4586 961 4666 libarent,
984 4583 1077 4650 sicuti
1105 4601 1236 4649 noverca
1258 4582 1286 4646 ei
1308 4583 1515 4665 praeceperat,
1539 4579 1639 4664 porri·

248 4761 454 4771 -—--—--—

354 4845 374 4914 ¹)
394 4842 605 4910 0011010000,
631 4845 726 4901 Rhein.
753 4845 821 4899 Mus.
848 4841 882 4898 N.
912 4843 943 4898 F.
972 4840 1023 4896 Bd.
1042 4843 1087 4906 11,
1117 4841 1143 4896 S.
1162 4842 1195 4896 68
1221 4839 1257 4907 ff,
1284 4838 1339 4894 und
1368 4838 1640 4905 Β1.12,8.24411.

250 4962 282 4970 —-
302 4931 323 5002 ²)
340 4929 454 4996 Nicolai,
473 4932 571 5001 griech.
600 4932 654 4986 Lit.
674 4933 700 4987 S.
719 4933 778 4986 360.
797 4961 830 4970 ·-
858 4931 879 5002 ³)
899 4930 940 4986 cf.
968 4929 1139 4986 schmittinm
1166 4929 1185 4982 l.
1204 4945 1226 4982 0.
1253 4945 1279 4998 0.
1298 4931 1323 4983 6.
1342 4958 1373 4968 m
1392 4929 1414 4999 ⁴)
1434 4928 1554 4982 Blassius
1573 4945 1596 4981 a.
1617 4943 1641 4981 a.

251 5017 283 5074 0.
302 5019 328 5074 S.
347 5019 388 5084 93,
408 5035 446 5074 or.
463 5017 568 5084 XXVI,
599 5017 719 5085 xxvn,
742 5018 839 5074 XXIX.
859 5049 890 5058 —-
910 5019 931 5091 ⁵)
952 5016 992 5072 cf.
1009 5016 1029 5072 1.
1047 5033 1069 5070 0.
1087 5031 1114 5086 0.
1133 5017 1192 5072 126.
1211 5045 1244 5056 —-
1262 5016 1284 5087 ὕ)
1304 5015 1345 5071 cf.
1363 5033 1386 5070 a.
1405 5031 1429 5070 a.
1449 5015 1480 5069 0.
1500 5015 1526 5070 S.
1547 5016 1587 5069 13.
1608 5047 1640 5054 -

250 5106 271 5182 7)
292 5105 367 5165 cl.1.
386 5123 408 5160 0.
426 5123 453 5178 p.
472 5107 512 5161 lc.
531 5123 570 5178 sq.
594 5137 626 5145 -—
645 5107 667 5180 ⁸)
686 5105 731 5162 Or.
751 5109 775 5176 ξ.
795 5108 835 5160 14.
855 5136 887 5147 -—
907 5108 929 5182 ⁹)
942 5105 987 5162 Or.
1006 5107 1031 5176 ἓ.
1051 5105 1091 5162 15.
