3732 5852
789 237 997 334 J-re-

214 497 415 579 terminetur,
442 491 533 565 illud
566 517 622 582 pro
646 498 729 562 certo
761 493 917 562 adfirmari
950 496 1025 562 licet
1046 499 1230 564 'extremam
1253 500 1423 566 oraticnem
1446 500 1535 566 nobis
1557 520 1617 569 non
1685 480 1686 496 ¹

214 627 281 675 esse
304 604 457 672 traditam
468 601 503 690 1).

320 712 374 776 Er·
387 709 444 787 iis,
468 725 547 791 quae
571 705 791 790 congessimus,
806 705 1027 788 primumque
1049 705 1087 771 de
1111 725 1205 782 causa
1225 707 1257 771 in
1280 708 1338 774 hac
1361 709 1498 777 oratione
1512 703 1639 796 inopia'

215 815 369 902 quaedam
393 814 644 898 argumentorum
666 810 750 889 insit,
774 828 894 894 quaque
918 810 955 875 de
979 830 1072 876 causa
1095 814 1126 876 et
1148 812 1316 878 sententiae
1340 815 1371 878 et
1392 815 1486 880 verba
1508 817 1617 883 eadem

214 909 337 1004 saepius
359 920 390 984 in
408 937 445 983 ea
459 917 661 996 inveniantur,
683 915 774 981 facile
796 915 955 993 videmus;
975 913 1084 980 deinde
1107 915 1416 1004 easdem‘verborum
1438 913 1617 986 iterationes

216 1022 312 1091 ctiam
349 1023 381 1088 in
418 1021 487 1087 aliis
518 1020 582 1104 legi
612 1019 842 1104 intellegimus3
887 1021 955 1086 tum
991 1019 1077 1084 varia
1107 1038 1142 1084 er
1172 1022 1259 1104 parte
1293 1021 1422 1086 adversa
1451 1025 1612 1108 proposita

214 1129 349 1194 refutare
372 1125 567 1202 studuimus3
612 1126 770 1206 postremo
803 1124 859 1188 has
892 1125 956 1188 tres
988 1123 1141 1189 orationes
1174 1123 1243 1207 ipsa
1275 1143 1378 1189 rerum
1413 1124 1614 1209 dispositione

213 1235 336 1317 practer
357 1249 450 1295 unam
472 1229 557 1308 rem,
581 1247 642 1311 qua
665 1227 855 1311 discrepent,
878 1246 1002 1318 necesse
1027 1229 1074 1292 001
1107 1227 1266 1293 concinere
1296 1228 1504 1314 cognovimus.
1528 1231 1616 1297 Unde

158 1363 164 1374 ·
216 1356 276 1402 non
301 1355 368 1401 esse
391 1333 614 1411 concludimus,
652 1350 706 1396 cur
728 1332 899 1398 orationem
920 1331 1054 1414 primam
1088 1332 1126 1396 ab
1161 1332 1222 1397 alio
1245 1351 1340 1415 quam
1363 1333 1401 1398 ab
1436 1333 1561 1416 quintae
1585 1337 1616 1401 et

216 1444 321 1534 sertae
345 1439 518 1508 orationum
542 1437 691 1520 scriptore
715 1436 886 1502 confectam
909 1456 976 1503 esse
1000 1455 1206 1502 censeamus«
1545 1435 1548 1440 '

317 1546 399 1610 Tum
423 1543 462 1608 ad
485 1542 706 1624 quaestionem,
731 1540 768 1606 de
791 1559 852 1622 qua
874 1539 986 1626 agitur,
1008 1540 1245 1624 persolvendam
1268 1542 1403 1608 multum
1426 1543 1572 1624 conferes,
1589 1545 1616 1609 si

214 1648 431 1734 exploratoris,
469 1667 542 1712 num
565 1646 686 1712 dicendi
708 1645 796 1726 ratio,
821 1647 929 1728 quain
951 1663 1114 1712 novercam
1138 1644 1284 1711 orationis
1307 1646 1439 1730 scriptor
1459 1666 1535 1714 usus
1558 1652 1615 1729 cst,

216 1775 286 1820 cum
308 1753 427 1818 ratione
443 1754 600 1836 congruat,
616 1770 709 1833 quam
732 1753 855 1816 secutus
879 1752 927 1816 est
947 1750 979 1814 in
1002 1749 1191 1816 orationibus
1216 1749 1253 1815 de
1272 1751 1365 1816 caede
1380 1751 1514 1818 Herodis
1531 1755 1563 1818 et
1578 1754 1615 1820 de

216 1859 364 1924 saltatore
388 1855 520 1939 scriptis.
543 1853 626 1920 Nam
648 1855 677 1920 si
698 1853 783 1920 idem
797 1856 853 1920 has
869 1855 1022 1920 orationes
1045 1854 1236 1938 conscripsit,
1251 1855 1331 1920 inter
1354 1873 1414 1936 eas,
1429 1845 1616 1940 quamquam

201 1953 317 2029 ‘oratio
331 1960 433 2044 prima
449 1958 616 2024 admodum
631 1959 733 2024 brevis
747 1961 803 2038 est,
819 1961 923 2023 tamen
938 1956 1175 2025 similitudinem
1192 1958 1345 2042 quandam
1359 1961 1479 2043 generis
1496 1961 1617 2027 dicendi

212 2066 404 2133 intercedere
433 2064 632 2146 reperiemus.
677 2061 723 2128 Ac
756 2066 875 2131 veteres
906 2063 1072 2146 scriptores
1095 2063 1318 2147 Antiphontem
1342 2083 1412 2128 cum
1434 2065 1615 2150 Thucydide
1673 2081 1675 2095 ¹

213 2172 386 2256 antiquiore
409 2172 441 2236 et
465 2187 506 2234 eo.
525 2168 678 2234 severiore
695 2167 817 2233 dicendi
832 2185 952 2251 genere,
978 2168 1061 2250 quod
1080 2166 1200 2234 dicendi
1224 2187 1320 2252 genus
1337 2167 1448 2236 Graeci
1463 2165 1613 2254 αὐστηρὰν

213 2275 375 2361 apportas,
409 2271 555 2360 otacqus
588 2281 768 2358 paparo-ppo
804 2272 960 2354 appellare
996 2272 1154 2353 solebant,
1191 2291 1265 2337 usos
1297 2292 1364 2338 0000
1386 2273 1562 2340 iudicarunt
1587 2273 1612 2360 ).

168 2391 170 2398 ⁴
215 2381 309 2447 Cuius
333 2379 514 2463 antiquioris
539 2377 658 2443 dicendi
680 2377 801 2462 generis
824 2377 950 2459 propria
973 2379 1045 2444 sunt
1060 2379 1090 2442 et
1105 2378 1240 2461 gravitas
1258 2381 1441 2444 0100100100
1459 2378 1613 2459 0110110010,

214 2486 253 2552 01
277 2505 352 2568 quas
376 2483 526 2550 accedunt
558 2482 668 2564 rerba,
704 2500 782 2565 quae
816 2482 958 2546 obsoleta
975 2571 977 2574 Ι
992 2485 1046 2546 001
1079 2481 1201 2565 poetica
1234 2482 1439 2564 appellantur.
1485 2482 1613 2565 Saepius

211 2591 305 2656 verba
338 2588 471 2673 propriis
506 2587 812 2670 inusitatioribusque
846 2586 1022 2652 notionibus
1055 2590 1244 2670 usurpantur
1273 2588 1322 2652 vel
1345 2605 1423 2652 nova
1445 2587 1614 2652 secundum

211 2695 335 2780 linguae
362 2695 455 2780 ,leges
494 2692 660 2776 finguntur.
705 2692 820 2776 Magna
855 2692 1016 2774 praetcrea
1053 2691 1225 2757 subtilitate
1262 2710 1436 2776 magnoque
1474 2691 1614 2758 acumine
1662 2759 1666 2770 ,

212 2799 352 2884 singulae
373 2798 513 2864 notiones
537 2795 778 2880 distinguuntur,
803 2794 1005 2876 definiuntur,
1028 2795 1108 2860 aliae
1131 2795 1200 2860 aliis
1223 2798 1427 2879 opponuntur.
1473 2796 1612 2879 Denique

213 2903 264 2968 illi
286 2903 388 2968 studio
412 2904 501 2968 acute
523 2900 750 2983 subtiliterque,
784 2919 861 2982 quae
892 2902 995 2964 mente
1030 2904 1240 2983 conceperant,
1273 2899 1462 2983 exprimendi
1488 2903 1610 2967 senten-

214 3009 291 3072 tiam
312 3007 412 3092 magis
436 3027 529 3089 quam
551 3007 684 3074 formam
707 3004 855 3070 sermonis
879 3007 1052 3088 spectantes
1077 3005 1223 3070 commoti
1246 3008 1326 3085 sunt,
1349 3005 1394 3070 ita
1415 3008 1526 3070 utnon
1541 3024 1610 3071 raro

215 3111 360 3178 orationis
384 3111 571 3176 concinnitas
594 3109 737 3195 neglecta
759 3106 904 3196 sit³).,-
925 3107 996 3174 Hoc
1019 3108 1140 3174 dicendi
1161 3128 1258 3196 genus
1280 3129 1374 3196 grave
1398 3113 1429 3176 et
1452 3114 1610 3176 austerum

216 3219 329 3306 quanto
353 3234 444 3299 opere
465 3215 664 3299 Antiphontis
686 3213 807 3299 ingenio
830 3213 1032 3297 responderit,
1055 3215 1188 3280 maxime
1211 3234 1247 3281 ex
1272 3215 1445 3299 tetralogiis
1467 3211 1611 3300 cognosci

214 3322 337 3404 potest,
372 3320 426 3386 ubi
448 3318 590 3402 scriptori
612 3319 699 3384 nulla
720 3337 753 3384 re
777 3319 924 3384 adstricto
947 3319 1049 3384 uerbis
1071 3320 1119 3383 uti
1141 3319 1247 3400 licuit,
1271 3338 1349 3402 quae
1371 3319 1402 3384 in
1424 3321 1560 3386 mentem
1574 3318 1612 3385 ‘ei

213 3426 393 3504 veniebant;
435 3443 507 3490 nam
536 3423 762 3507 respiciendum
785 3427 832 3489 est
868 3425 923 3489 has
953 3424 1134 3508 tetralogias
1164 3443 1224 3490 non
1257 3423 1296 3490 ad
1329 3424 1483 3490 forensem
1516 3444 1609 3490 usum

184 3549 185 3557 ¹
215 3529 392 3608 destinatas,
415 3529 471 3594 sed
493 3531 547 3594 aut
569 3528 794 3596 exercitationis
818 3548 911 3594 causa
933 3529 1040 3594 autin
1062 3549 1154 3594 usum
1177 3529 1399 3612 discipulorum
1422 3530 1610 3614 conscriptas

216 3653 282 3699 esse
304 3633 411 3699 videri.
427 3633 519 3715 ,11000
542 3634 635 3699 elatio
660 3636 752 3716 atque
775 3633 907 3699 altitudo
924 3633 1045 3699 dicendi
1060 3653 1098 3698 ne
1113 3633 1151 3697 iis
1175 3632 1302 3717 quidem
1324 3634 1401 3700 locis
1426 3634 1609 3713 orationum,

217 3757 295 3822 quae
318 3738 357 3803 ad
381 3757 488 3804 causas
512 3740 611 3804 certas
633 3737 757 3820 publice
779 3738 955 3804 tractandas
978 3738 1111 3820 scriptae
1124 3739 1215 3830 sunt,
1241 3738 1352 3822 quibus
1375 3739 1510 3824 simplici
1533 3758 1609 3822 opus

216 3845 282 3908 erat
309 3861 469 3924 sermone,
509 3843 710 3908 desideratur.
755 3843 949 3926 Ubicumque
985 3846 1089 3910 autem
1125 3843 1256 3909 sanitate
1294 3843 1428 3926 quadam
1463 3842 1609 3908 orationis

213 3948 321 4028 utitur,
345 3947 496 4013 rationem
512 3946 604 4030 capit,
643 3965 713 4028 qua,
753 3965 844 4028 quam
882 3947 968 4012 rudis
1006 3947 1047 4013 sit
1085 3947 1117 4012 in
1139 3948 1198 4012 hoc
1236 3947 1356 4013 dicendi
1393 3966 1515 4034 genere,
1539 3948 1609 4012 ante

215 4052 321 4117 oculos
344 4051 479 4134 ponitur.
524 4051 592 4132 Quo
623 4052 764 4134 spectant
786 4051 924 4117 eiusdem
945 4051 1031 4116 verbi
1053 4053 1251 4136 repetitiones
1273 4052 1433 4131 -velut,
1456 4053 1492 4117 ut
1513 4069 1609 4118 unum

212 4155 291 4222 mihi
305 4154 399 4221 liceat
415 4154 533 4220 adferre
549 4155 733 4238 exemplum,
749 4155 879 4220 verbum
893 4157 1057 4241 καθίστημι
1071 4156 1142 4239 plus
1159 4143 1342 4242 quadragies
1364 4155 1395 4220 in
1410 4154 1609 4240 Antiphontis

213 4259 403 4324 orationibus
438 4260 538 4323 exstat
569 4296 613 4306 -
643 4259 674 4324 et
704 4259 947 4325 enuntiationum
981 4261 1218 4346 compositiones
1250 4280 1361 4343 parum
1394 4261 1555 4327 accuratae
1572 4257 1608 4345 ⁴).

211 4363 314 4447 Atque
344 4363 459 4428 mirum
493 4365 524 4427 et
546 4383 565 4428 a
586 4363 736 4429 sermonis
769 4364 874 4430 indole
904 4365 1039 4433 alienum
1062 4367 1153 4447 esset,
1177 4364 1204 4430 si
1227 4364 1318 4430 aliter
1341 4383 1389 4430 res
1414 4384 1447 4430 00
1470 4365 1607 4432 haberet.

214 4467 271 4534 Oui
292 4470 338 4534 rei
361 4469 544 4535 documento
579 4470 626 4534 est
658 4489 719 4534 non
753 4471 855 4535 solum
894 4469 1082 4536 Graecorum
1119 4487 1220 4534 sermo
1251 4468 1401 4552 poeticus,
1423 4468 1479 4534 sed
1515 4469 1608 4534 ctiam

214 4591 333 4654 sermo,
368 4575 421 4657 qui
450 4575 580 4640 innatus
609 4576 657 4640 est
677 4573 776 4640 nobis.
821 4574 1016 4657 Quamquam
1049 4573 1150 4640 omitti
1181 4572 1288 4656 nequit
1316 4572 1517 4657 Antiphonti,
1556 4574 1608 4658 qui

318 4745 338 4815 ¹)
357 4745 433 4810 Vide,
453 4746 524 4816 quod
542 4763 623 4816 supra
640 4745 674 4800 de
691 4746 742 4800 hac
759 4763 787 4802 re
806 4748 1017 4804 commemorari.
1031 4777 1064 4790 -
1076 4747 1097 4819 ²)
1116 4747 1226 4820 Dionys.
1239 4745 1374 4802 Halicarn.
1392 4763 1420 4800 π.
1435 4750 1512 4798 coes.
1533 4743 1607 4808 ὄνομ.

211 4848 233 4886 0.
251 4833 294 4888 22.
312 4830 432 4888 Blassius
450 4850 474 4887 a.
492 4851 516 4888 a.
535 4833 567 4889 Ο.
587 4833 613 4889 S.
633 4833 732 4888 lla-
752 4835 773 4906 3)
792 4835 860 4890 Vide
874 4835 1007 4892 Blassium
1026 4853 1049 4890 a.
1060 4834 1124 4891 a.0.
1138 4835 1165 4890 S.
1176 4835 1262 4892 11311.
1281 4833 1423 4890 Bothium:
1442 4834 1483 4888 Da
1496 4832 1608 4904 Antiph,

213 4922 241 4973 et
251 4921 414 4992 Thucydidis
433 4939 530 4993 genere
549 4922 662 4987 (11000011,
681 4940 708 4992 p.
726 4923 750 4978 8.
786 4924 969 4979 Lehmannum
991 4924 1008 4977 l.
1028 4939 1050 4978 c.
1068 4939 1094 4992 p.
1114 4923 1159 4988 10,
1179 4925 1206 4978 01
1225 4939 1292 4994 quae
1311 4923 1412 4992 optime
1431 4921 1556 4976 disseruit
1575 4922 1606 4977 Ο.

212 5005 337 5072 Mueller,
367 5008 466 5078 griech.
485 5010 539 5063 hit.
556 5010 593 5063 Π.
624 5009 944 5080 S.129ff.4.Auflage,
972 5009 1120 5066 beerbaitet
1147 5027 1199 5066 son
1217 5011 1304 5074 Haitz,
1324 5010 1460 5078 stuttgart
1479 5009 1553 5064 1882.
1574 5039 1606 5050 -

211 5091 235 5163 ⁴)
253 5093 408 5166 1110000010,
428 5095 556 5152 Zeitschr.
574 5095 618 5150 fdr
636 5097 730 5151 baterr.
751 5096 845 5168 Gymn.
864 5097 956 5166 Jahrg.
975 5099 1017 5164 30,
1036 5098 1062 5154 S.
1083 5099 1140 5164 163,
1160 5097 1217 5154 164.

1451 5215 1477 5256 ,θ
