3732 5852
860 265 1015 318 ...29-

240 475 391 558 Exempla
406 473 542 540 adferam
558 475 632 540 haec
648 494 684 539 en
701 475 726 554 I,
744 474 801 539 15:
819 469 916 538 εὶοιίν
941 471 1042 537 ἐθέλοι
1063 475 1233 555 πείθεσθαι,
1257 473 1314 562 ἔφη
1339 471 1424 562 ἱκανὴ
1441 472 1514 538 εἶναι
1535 472 1632 561 ἐκείνη

241 603 272 658 τι
293 582 343 645 τόν
367 577 520 644 Φιλόνειυν
543 580 628 668 φίλον
643 587 766 664 ποιῆσαι
786 581 839 642 καὶ
860 571 934 662 αὕτη
958 579 1006 642 τόν
1023 573 1094 662 ἐμόν
1115 581 1238 662 πατέρα,
1261 575 1334 642 εἶναι
1355 582 1517 664 φάσκουσα
1540 574 1634 665 αὑτῆς

242 689 293 770 μὲν
315 692 402 748 τοῦτο
425 679 550 769 εὕρημα,
575 681 689 767 ἐκείνης
711 681 737 744 δ’
761 675 953 766 δσηρὲτημας
977 681 1015 747 cf.
1038 683 1063 760 I·,
1081 683 1132 762 29,
1157 683 1216 760 30;
1230 675 1276 747 ¹eu
1285 682 1323 762 V,
1349 684 1405 748 14:
1431 680 1507 748 ὥστε
1526 680 1561 750 σι’)
1583 686 1628 748 δεῖ

242 785 320 874 ὑμᾶς
344 787 456 854 ἐκτῶν
479 795 530 851 τοῦ
552 791 719 874 κατηγόρου
754 786 850 865 λόγων
872 785 941 856 eoo<
964 789 1083 871 νόμους
1112 787 1359 872 καταμανθάνειν,
1391 785 1417 849 εὶ
1437 789 1540 862 καλῶς
1565 785 1632 874 ὑμῖν

243 903 351 956 κεῖνται
364 889 384 977 ἢ
402 893 454 976 μή,
470 888 537 956 ἀλλ’
552 889 586 954 ἐκ
607 900 664 955 τῶν
679 893 777 976 νόμιον
792 891 864 967 τούς
879 899 936 952 τῶν
951 892 1124 974 κατηγόρων
1136 891 1255 975 λόγους,
1272 888 1298 952 et
1310 887 1413 974 ὀρόῶς
1434 895 1485 955 καί
1499 897 1633 978 νομίμως

244 991 323 1083 ὑμᾶς
341 996 515 1066 διδάσκουσι
529 991 737 1081 τόπρᾱγμαῆ
762 991 814 1073 οό;
828 1014 863 1060 ex
872 995 926 1074 VI,
950 996 1008 1058 24:
1031 997 1196 1057 καὶταῦτα
1219 990 1292 1078 ἐμοῦ
1315 995 1560 1082 προκαλουμένου
1583 1000 1635 1060 καὶ

243 1104 380 1183 λὲγοντος
393 1098 423 1164 ἐν
434 1111 475 1184 τῷ
487 1101 677 1184 δικαστηρίῳ,
687 1094 722 1164 οὗ
736 1102 788 1162 καὶ
800 1093 883 1164 αὐτοὶ
894 1095 922 1161 οἱ
933 1099 1068 1162 δικασταὶ
1078 1101 1129 1162 καὶ
1137 1095 1232 1182 ἕτερον
1243 1096 1357 1162 ἰδιῶται
1370 1101 1476 1164 πολλοὶ
1489 1105 1634 1187 μάρτυρες

239 1215 388 1292 παρῆσαν,
397 1201 463 1269 οὔτε
480 1209 545 1269 τότε
559 1212 748 1290 παραχρῆμα
760 1199 827 1267 οὔτε
842 1198 963 1287 ὕστερον
976 1201 1004 1267 ἐν
1017 1203 1101 1267 παντὶ
1112 1213 1153 1287 τῷ
1164 1205 1266 1288 χρόνῳ
1277 1197 1465 1268 οὐδεπώποτε
1477 1201 1633 1291 ἠθέλησαν

243 1307 340 1374 ἐλθεῖν
363 1307 516 1373 ἐπὶτοῦτο
538 1311 571 1372 τό
594 1309 717 1393 δίκαιον,
740 1303 772 1370 εὖ
803 1305 915 1382 εἰδότες
949 1303 992 1370 ὅτι
1013 1302 1070 1370 οὐκ
1098 1305 1133 1370 ἂν
1167 1308 1280 1380 τούτοις
1301 1308 1365 1372 κατ’
1398 1307 1472 1394 ἐμοῦ
1506 1307 1635 1396 ἔλεγχος

246 1412 370 1495 ἐγίγνετο
394 1409 490 1499 οὗτος,
514 1398 581 1478 ἄλλ’
605 1411 672 1497 ἐμοὶ
693 1415 771 1476 κατὰ
788 1412 901 1474 ’τούτων
925 1407 969 1474 ὅτι
991 1407 1075 1476 οὐδὲν
1097 1413 1210 1476 δίκαιον
1233 1407 1296 1477 οὐδ’
1320 1410 1438 1498 ἀληθὲς
1471 1410 1633 1504 ἠτιιῖιντσῐ).

342 1519 539 1601 Quamquam
562 1511 695 1584 concedo
718 1517 750 1582 in
773 1515 972 1598 Antiphontis
995 1516 1128 1582 dictione
1151 1517 1343 1598 antiquitatis
1368 1519 1522 1600 quendam
1546 1523 1632 1586 colo·

240 1645 306 1690 rem
329 1644 364 1689 ac
386 1624 570 1708 gravitatem
593 1621 747 1705 quandam
770 1621 928 1700 sermonis
942 1621 1042 1686 inesse
1065 1640 1121 1685 nec
1142 1640 1211 1702 raro
1235 1623 1374 1706 vigorem
1399 1624 1519 1692 dicandi
1542 1628 1635 1709 atque

238 1729 370 1794 nitorem
393 1728 561 1794 desiderari
584 1719 719 1809 eiusque
733 1729 832 1792 artem
855 1726 1031 1806 oratoriam,
1056 1727 1082 1790 si
1106 1746 1177 1792 curn
1198 1719 1344 1792 Isocratis
1368 1731 1399 1793 et
1415 1729 1633 1798 Demosthenis

169 1819 171 1824 ’
240 1834 306 1897 arte
329 1832 505 1911 contineris,
527 1830 664 1897 noudum
688 1849 754 1895 esse
777 1829 955 1913 perlectam,
980 1830 1092 1915 quippe
1116 1851 1194 1914 quae
1217 1833 1331 1898 sensim
1354 1835 1385 1899 et
1419 1834 1573 1918 gradatim
1597 1836 1636 1901 ad

238 1955 393 2002 summam
419 1934 638 2019 perlectionem
669 1955 690 1999 a
716 1934 895 2017 posterioris
928 1933 1052 2000 demum
1083 1937 1192 2001 aetatis
1217 1936 1389 2001 oratoribus
1411 1938 1561 2020 perducta
1584 1940 1634 2019 sit,

137 2095 143 2108 .
238 2042 342 2106 tamen
356 2040 510 2104 neminem
531 2041 774 2124 repugnaturum
797 2054 864 2104 esse
877 2057 976 2121 spero,
990 2039 1153 2121 quominus
1176 2040 1239 2106 iam
1260 2042 1292 2106 in
1304 2041 1503 2127 Antiphontis
1520 2047 1634 2112 oratic-

237 2143 327 2208 nibus
350 2143 539 2226 reperiamus
561 2143 824 2226 pulchritudinem
848 2143 1001 2225 quandam
1032 2143 1212 2227 dicendique
1243 2150 1352 2227 artem,
1377 2167 1438 2230 qua
1459 2149 1636 2216 Atticorum

239 2247 415 2330 eloquentia
437 2247 579 2314 altiorem
602 2247 774 2312 ascenderit
795 2247 927 2334 gradum
942 2245 979 2334 ²).
1281 2239 1305 2258 ”

338 2351 405 2416 Nec
427 2351 528 2417 minus
552 2352 590 2416 ab
613 2352 661 2416 his
684 2352 873 2418 orationibus
896 2352 975 2416 inter
999 2371 1032 2416 se
1056 2355 1242 2436 comparatis
1260 2359 1480 2440 argumentum
1501 2360 1635 2441 petimus

159 2465 162 2476 ’
236 2455 269 2518 in
292 2454 339 2520 his
363 2454 488 2519 easdem
509 2455 638 2520 inveniri
662 2451 810 2521 sermonis
832 2455 1056 2539 proprietateS,
1089 2457 1173 2522 idern
1205 2459 1326 2524 dicendi
1357 2481 1471 2544 genus,
1510 2463 1633 2528 easdem

237 2558 420 2639 sententian,
455 2559 583 2626 eandem
605 2579 709 2626 rerum
731 2561 937 2626 inventionem
960 2580 996 2625 ac
1018 2561 1261 2644 dispositionem.
1284 2603 1327 2610 -
1349 2566 1389 2629 Et
1411 2567 1438 2630 si
1462 2566 1540 2649 quis,
1563 2587 1634 2634 cunr

237 2664 362 2729 eaedem
385 2666 554 2730 sententiae
576 2666 767 2748 reperiantur
797 2665 828 2729 in
859 2666 958 2748 prima
981 2667 1117 2730 oratione
1147 2670 1240 2750 atque
1261 2669 1292 2733 in
1312 2667 1504 2736 'orationibus
1528 2673 1636 2754 quinta

239 2771 270 2832 et
292 2771 393 2850 serta,
416 2761 505 2836 illarr'r
528 2772 566 2836 ab
588 2771 745 2836 imitatore
780 2770 883 2852 aliquo
916 2771 1122 2866 conscriptam
1145 2791 1212 2836 esse
1234 2774 1317 2853 vult,
1341 2774 1477 2853 fallitur;
1520 2775 1635 2840 mirum

239 2872 320 2937 enim
347 2875 437 2951 esset,
455 2875 482 2938 si
503 2875 541 2959 is,
568 2875 620 2957 qui
646 2874 869 2958 Antiphontem
892 2876 950 2941 sibi
972 2876 1157 2941 imitandum
1180 2879 1406 2960 proposuisset,
1434 2871 1466 2944 in
1490 2880 1631 2948 omnibus

236 2998 308 3057 uno,
334 2979 415 3060 quod
437 2999 530 3062 supra
553 2981 872 3060 commemoravimus,
896 2983 1032 3063 excepto,
1056 3001 1242 3064 quamquam
1264 2983 1297 3047 id
1318 2984 1421 3067 ipsum
1443 2985 1527 3050 haud
1548 2985 1635 3068 parvi

238 3084 389 3150 momenti
414 3086 469 3163 est,
494 3103 565 3148 curn
587 3084 746 3167 amplexus
770 3088 860 3150 esset.
885 3084 1002 3166 Quodsi
1025 3085 1177 3150 orationes
1202 3085 1308 3168 quinta
1330 3089 1361 3152 et
1384 3091 1470 3153 serta
1493 3089 1634 3172 expedita

240 3191 271 3253 et
292 3188 384 3253 facile
408 3191 548 3254 currente
571 3189 707 3254 oratione
731 3188 825 3254 altius
849 3209 941 3271 quam
964 3190 1061 3255 oratio
1084 3191 1185 3274 prima
1211 3195 1388 3275 exsurgtmt,
1410 3193 1443 3257 id
1458 3195 1633 3276 temporum

241 3292 361 3357 ratione
399 3293 579 3375 explicatur,
604 3311 675 3358 cum
698 3294 788 3360 aliter
811 3295 944 3360 seribere
968 3314 1054 3375 eum,
1079 3295 1132 3376 qui
1156 3295 1321 3362 excolenda
1344 3298 1408 3360 arte
1432 3316 1464 3360 se
1487 3299 1635 3376 exerceat,

239 3395 347 3475 aliter,
383 3395 436 3478 qui
469 3395 508 3460 ad
538 3416 694 3462 summum
729 3399 803 3462 artis
830 3399 996 3482 festigium
1029 3400 1210 3482 pervenerit,
1242 3401 1439 3484 perspicuum
1462 3401 1519 3479 sit;
1551 3402 1633 3484 quod

240 3500 349 3564 harum
373 3500 546 3565 orationum
569 3501 733 3567 discrimen
756 3503 838 3568 haud
860 3504 965 3588 magni
989 3503 1162 3570 ducendum
1186 3507 1242 3584 est,
1266 3505 1448 3588 praesertim
1472 3507 1632 3589 cumipse

240 3603 338 3667 oratio
362 3604 449 3668 sexta
471 3604 508 3668 ab
532 3605 669 3670 oratione
692 3607 798 3688 quinte
821 3608 1005 3690 quibusdam
1027 3609 1119 3673 rebus
1143 3607 1273 3672 differat.
1305 3608 1445 3692 Denique
1469 3629 1633 3694 argumen-

239 3709 341 3772 torum
363 3707 481 3790 inopia,
505 3727 566 3789 qua
588 3711 686 3775 oratio
709 3711 809 3794 prima
840 3731 857 3776 a
879 3712 1006 3794 reliquis
1033 3711 1153 3792 differt,
1176 3713 1303 3776 natiuae
1337 3713 1398 3792 rei,
1434 3734 1494 3797 qua
1515 3715 1633 3782 maiora

239 3814 421 3895 argumenta
443 3812 554 3876 adferri
576 3833 637 3878 non
659 3817 797 3897 possunt,
822 3816 1018 3882 attribuenda
1041 3817 1097 3881 est.

347 3915 492 3980 Ceterum
508 3917 695 3999 perlibenter
710 3920 843 3984 concedo
866 3940 931 3999 nos,
954 3921 990 3983 ut
1005 3920 1049 3984 ait
1064 3920 1204 3986 Blassius
1218 3917 1253 4006 ³),
1277 3921 1419 3987 notitiam
1432 3923 1630 4007 Antiphontis

236 4019 351 4083 habere
373 4021 541 4102 minorem,
581 4043 673 4106 quam
695 4027 731 4089 nt
754 4045 802 4103 ca,
841 4044 919 4108 quae
952 4025 984 4088 iu
1016 4024 1204 4089 orationibus
1228 4025 1294 4090 eiras
1318 4025 1429 4091 eximia
1451 4047 1486 4092 ao
1508 4033 1632 4113 propria

239 4122 354 4202 insunt,
376 4126 608 4208 perspiciamus,
633 4129 770 4210 quamvis
793 4129 826 4194 id
847 4129 1054 4195 necessarium
1078 4129 1119 4193 sit
1142 4130 1180 4209 ei,
1204 4130 1265 4212 qui,
1289 4132 1393 4195 utrum
1417 4133 1569 4200 orationes
1593 4139 1630 4202 ab

235 4227 295 4292 hoc
313 4231 503 4318 compositae
524 4232 586 4297 sint
607 4253 710 4311 necne,
745 4235 927 4298 sententiam
948 4236 1027 4299 ferre
1049 4234 1126 4298 vuit.
1171 4234 1232 4300 Sed
1254 4235 1313 4299 nisi
1336 4236 1398 4300 alia
1420 4237 1459 4302 ad
1483 4257 1527 4318 ea,
1553 4259 1630 4322 quae

234 4332 265 4396 in
290 4333 427 4398 oratione
453 4335 554 4417 prima
577 4338 735 4403 offensioni
757 4340 837 4418 sunt,
862 4339 1016 4418 accedent,
1041 4358 1108 4404 eam
1132 4359 1227 4422 aeque
1250 4341 1342 4422 atque
1365 4341 1518 4407 orationes
1543 4344 1631 4426 quin-

234 4438 349 4502 temet
372 4441 490 4504 sextam
512 4441 582 4505 fieti
605 4441 693 4520 lucie,
710 4442 763 4524 qui
783 4443 858 4507 foris
882 4443 994 4525 quique
1017 4462 1052 4506 er
1076 4462 1132 4506 sua
1155 4446 1317 4508 sumuntur
1339 4445 1369 4510 ui
1392 4447 1485 4527 atque
1509 4449 1628 4528 natura,

235 4529 433 4625 'Antiphontis
457 4563 524 4608 esse
546 4545 760 4610 iudicabimus

267 4679 271 4686 ·
339 4645 455 4729 Scripsi
477 4646 676 4714 Vindobonae
699 4670 803 4716 mense
827 4650 956 4732 Quintili
979 4671 1006 4717 a.
1033 4653 1126 4716 1884.

1259 4741 1317 4822 Fr.
1345 4741 1627 4827 wiedenlroter.

339 4901 359 4971 ¹)
372 4902 433 4956 Alia
452 4907 572 4975 exempla
591 4908 686 4962 talium
698 4909 866 4978 periodorum
879 4909 997 4965 invenies
1011 4912 1082 4982 apud
1093 4913 1229 4983 Hoppium
1241 4914 1259 4966 1.
1273 4931 1294 4968 c.
1307 4931 1332 4983 p.
1345 4916 1379 4969 33
1392 4915 1498 4986 σιμ-Ρ)
1510 4918 1627 4973 Wester-

233 4989 323 5043 manni
342 4990 405 5044 Ant.
424 4991 599 5057 ,Geschichce
619 4995 666 5049 der
683 5012 722 5065 gr.
735 4996 966 5063 Beredsamkeit“,
985 4999 1097 5069 Leipzig
1110 5002 1184 5066 1833,
1204 5004 1228 5070 ξ.
1241 5003 1283 5066 41,
1302 5002 1328 5056 S.
1341 5002 1374 5056 62
1393 5001 1411 5055 f.
1425 5033 1456 5044 -
1471 5004 1491 5076 ³)
1505 5004 1626 5062 Attische

232 5074 442 5146 Beredeemkeit,
462 5080 489 5135 S.
509 5081 566 5135 184.

233 4835 440 4845 ———
