3732 5852
854 235 946 288 -11
975 223 1014 274 Α

234 447 413 526 adornabat,
428 463 461 511 se
485 465 503 510 a
524 445 611 528 patre
634 446 666 508 et
679 442 797 527 paelice
813 435 851 508 de
867 442 959 508 rebus
974 443 1071 528 gestis
1087 444 1248 511 certiorem
1264 465 1332 514 3333
1347 445 1463 514 factum
1478 447 1631 515 indicasse

232 551 364 631 31313133,
389 553 420 616 31
442 548 625 616 Schmittius
638 545 660 636 ¹)
685 549 716 614 et
737 544 902 634 Pahriusq
927 549 959 612 et
980 547 1121 642 Blassius
1131 545 1156 637 3)
1179 549 1293 616 iniuste
1314 551 1441 632 faciunt,
1464 552 1526 636 qui,
1550 550 1634 634 quod

231 655 319 723 33113
334 654 414 736 loco,
426 653 507 720 unde
520 653 576 719 ille
591 651 714 738 singula
729 652 922 734 compererit,
937 655 1088 733 narretur,
1105 652 1219 719 oratori
1234 654 1308 722 vitio
1323 657 1454 722 vertant.
1463 693 1507 704 -
1518 657 1631 738 Quare,

233 780 304 828 cum
327 757 407 825 31133
429 756 575 826 adhibere
597 759 693 823 testes
715 755 897 842 nequiverit,
916 755 956 821 ad
977 756 1066 824 illam
1089 760 1209 842 spectat
1233 759 1460 826 accusationem
1483 757 1632 845 3313131).

232 865 343 947 Neque
364 863 463 948 igitur
474 862 571 928 ullius
586 861 735 928 momenti
751 879 818 926 esse
832 863 945 944 potest,
970 859 1052 943 quod
1066 861 1208 928 Blassius
1223 865 1294 929 ante
1308 864 1478 930 orationem
1493 863 1632 928 habitam

232 970 328 1034 testes
351 953 512 1064 adnibitos
529 985 597 1032 esse
618 965 704 1045 vult,
735 963 768 1029 id
791 963 874 1048 quod
895 963 927 1028 in
949 964 1116 1050 tetralogia
1136 967 1206 1047 nr,
1239 968 1257 1032 7
1280 967 1398 1034 factum
1421 969 1486 1048 est,
1519 967 1571 1049 qui
1595 966 1633 1032 de

140 1071 142 1078 ’
232 1073 333 1138 morte
354 1071 452 1156 patris
477 1071 566 1136 etde
589 1070 654 1136 eius
677 1069 831 1135 mandatis
853 1067 1034 1149 indicarent,
1058 1088 1128 1134 oum
1150 1069 1227 1146 nihil
1250 1071 1329 1138 scire
1351 1074 1478 1155 possent
1503 1069 1528 1159 ).

338 1192 483 1260 cecorum
521 1194 682 1260 accusator
718 1190 919 1278 argumentis
956 1209 1168 1274 quaecumque
1205 1192 1323 1258 adferre
1358 1187 1633 1277 33133133111113-Ι

234 1297 312 1364 3133
333 1299 441 1376 311133.
485 1297 611 1363 Patrem
635 1297 787 1362 dicentem
810 1295 928 1362 audivit
950 1313 1053 1360 servos
1068 1314 1160 1380 posse
1183 1297 1362 1362 confirmare
1384 1313 1547 1362 novercam
1569 1296 1632 1362 iam

234 1405 325 1468 autea
346 1402 468 1485 saepius
491 1401 539 1466 sui
563 1399 721 1467 occidendi
744 1399 872 1465 consilia
893 1396 987 1467 inisse
1002 1396 1038 1485 ⁶).
1083 1399 1259 1466 Postulavit
1280 1399 1385 1484 igitur,
1418 1402 1456 1464 ut
1477 1419 1514 1465 ex
1536 1398 1631 1464 servis

233 1506 402 1572 adversarii
423 1505 817 1588 tormentisquaereretur.
861 1502 951 1570 Unde
972 1503 1038 1569 1333
1061 1505 1259 1586 exspectavit,
1281 1506 1318 1569 ut
1339 1505 1419 1570 servi
1442 1508 1497 1570 aut
1519 1503 1630 1570 confir-

232 1612 355 1675 marent
370 1612 424 1676 331
439 1609 520 1676 13133
536 1607 745 1692 quaerendum
760 1610 916 1693 negarent.
941 1606 1001 1688 qni
1016 1607 1043 1672 si
1056 1608 1205 1674 indicium
1219 1628 1280 1674 non
1291 1609 1422 1692 professi
1439 1611 1632 1689 essentium

232 1729 304 1778 vero
328 1713 383 1778 ille
406 1733 531 1779 causam
558 1711 703 1798 perdidit.
732 1715 800 1778 Iam
823 1712 946 1792 accidit,
970 1715 1007 1778 ut
1029 1730 1177 1778 novercae
1202 1713 1344 1778 defensor
1366 1732 1470 1780 servos
1493 1712 1631 1795 torqueri

233 1817 321 1882 nolit.
345 1816 455 1882 Nonne
476 1817 573 1902 igitur
588 1816 737 1900 sequitur,
754 1820 789 1882 31
811 1835 959 1882 33333333
981 1815 1065 1884 filins
1087 1816 1202 1884 indicia
1223 1836 1392 1898 servemur,
1416 1805 1494 1900 quae
1509 1835 1631 1900 sempor

232 1919 358 1986 maximi
381 1924 468 1987 erant
483 1921 643 2001 momenti,
659 1919 839 2008 33133121
854 1921 965 2004 Neque
986 1941 1112 2005 prorsus
1129 1921 1311 1988 verisimile
1328 1925 1375 1988 est
1389 1940 1552 2010 novercam
1567 1921 1632 2004 pri·

234 2023 315 2090 stina
337 2025 466 2091 consilia
487 2046 544 2092 333
565 2026 670 2092 mariti
693 2045 807 2092 veneno
829 2024 1034 2091 interficiendi
1055 2045 1126 2092 cum
1149 2027 1244 2092 servis
1268 2027 1511 2094 communicasse
1524 2024 1562 2112 ⁸).
1591 2026 1633 2090 111

233 2146 422 2212 quamquam
451 2131 600 2196 scientem
631 2133 662 2197 et
691 2150 747 2196 333
770 2132 878 2213 sponte
908 2147 1070 2196 novercam
1092 2129 1170 2196 nihil
1192 2131 1365 2214 prodidisse
1387 2132 1419 2196 in
1442 2132 1548 2214 aperto
1572 2131 1631 2208 331,
1661 2119 1679 2159 ⁶

230 2235 334 2301 tamen
357 2234 424 2300 fieri
446 2235 558 2318 potuit,
595 2239 633 2301 ut
654 2236 735 2302 servi
758 2235 862 2318 aliqua
884 2235 935 2299 313
955 2234 993 2314 de
1015 2234 1053 2300 iis
1068 2234 1176 2312 rebus·
1196 2236 1341 2302 certiores
1368 2235 1443 2302 facti
1464 2235 1496 2300 in
1534 2252 1629 2317 quae-

234 2337 332 2403 stione
348 2358 393 2418 33,
410 2358 488 2422 3333
504 2343 717 2424 cognoverant,
735 2338 937 2406 enuntiarent.
961 2339 1051 2420 Quod
1067 2339 1286 2422 adversarium,
1303 2358 1341 2406 ne
1357 2339 1520 2418 accideret,
1535 2338 1632 2421 perti-
1689 2325 1694 2340 ⁸

233 2441 349 2507 muisse
373 2446 510 2527 apparet.
533 2444 621 2512 Unde
644 2448 729 2510 certa
752 2445 927 2511 3331331333
947 2445 1039 2510 huius
1062 2444 1165 2510 caedis
1189 2444 1323 2511 auctoris
1340 2444 1408 2527 capi
1424 2445 1455 2508 31
1472 2443 1558 2508 33133
1573 2442 1632 2507 hoc

154 2599 156 2612 .
232 2550 413 2630 argumento
429 2545 460 2621 ἐξ
482 2547 602 2613 εἰκότων
623 2549 655 2614 13
678 2569 841 2616 novercam
864 2549 1051 2633 311331311;
1087 2551 1147 2616 hoc
1170 2551 1251 2614 enim
1273 2547 1363 2632 etate,
1394 2551 1432 2615 31
1451 2547 1497 2611 113
1520 2545 1631 2625 dicam,

233 2668 371 2716 summae
388 2652 581 2718 auctoritatis
598 2651 1027 2740 33319).1)313331313133333
1043 2654 1080 2719 ab
1098 2653 1272 2720 adversario
1295 2670 1453 2718 servorum
1476 2648 1632 2732 quaestio-

232 2772 303 2818 nem
315 2775 436 2822 summo
452 2757 519 2822 iure
534 2758 566 2822 in
582 2777 673 2824 suum
687 2777 779 2823 usum
796 2760 971 2824 convertere
986 2760 1109 2842 poterat
1124 2760 1294 2827 accusator.
1311 2755 1393 2838 Quid
1407 2755 1531 2834 mirum,
1549 2753 1632 2836 quod

202 2877 207 2888 ·
233 2859 283 2924 hic
305 2862 479 2926 narratione
502 2862 647 2934 absoluta
668 2864 790 2946 praeter
804 2862 1004 2946 Antiphontis
1020 2863 1272 2929 consuetudinem
1287 2863 1541 2947 argumentorum
1556 2859 1632 2938 vice,

232 2961 264 3026 in
287 2965 398 3046 quibus
421 2966 608 3050 reperiendis
623 2967 805 3034 facultatem
823 2969 892 3034 aliis
908 2968 986 3034 loeis
1002 2967 1052 3033 hic
1067 2970 1171 3034 orator
1187 2967 1310 3050 exhibet
1332 2985 1496 3046 summam,
1519 2963 1633 3047 partim

234 3086 356 3136 summo
379 3070 481 3135 colore
503 3070 690 3136 illustrando
721 3073 753 3137 et
784 3072 882 3138 oculis
909 3091 1005 3156 paene
1028 3072 1206 3138 subiciendo
1230 3071 1331 3139 scelus
1355 3089 1374 3136 a
1394 3087 1526 3136 noverca
1548 3087 1632 3133 com·

233 3173 380 3254 missam,
414 3174 529 3258 partim
560 3195 634 3240 3333
665 3177 696 3240 31
717 3176 802 3242 illius
826 3176 953 3242 rationis
970 3177 1171 3242 contentione
1194 3178 1226 3242 et
1248 3175 1476 3260 comparatione
1500 3170 1634 3256 quadam

233 3276 371 3344 iudicum
393 3279 511 3344 animos
534 3299 657 3346 movere
679 3280 826 3369 vult¹⁰)?
859 3280 954 3364 ¹Quid
976 3284 1080 3347 autem
1111 3284 1233 3364 poterat
1263 3281 1377 3347 habere
1398 3279 1462 3344 vim
1483 3277 1634 3342 maiorem

235 3380 274 3445 ad
297 3401 421 3449 causam
444 3383 652 3465 obtinendam,
677 3406 770 3468 quam
793 3387 962 3470 exprimere
984 3387 1095 3467 verbis,
1120 3388 1233 3469 quanto
1257 3403 1349 3468 opere
1368 3385 1474 3449 contra
1489 3383 1632 3446 naturam

233 3485 329 3551 frater
351 3507 515 3571 germanus
538 3509 571 3554 se
593 3493 732 3574 gereret,
768 3491 821 3574 qui
851 3511 919 3556 eam
942 3491 1127 3571 defenderet,
1161 3509 1238 3574 quae
1271 3489 1303 3554 in
1332 3488 1499 3555 maximam
1530 3484 1631 3567 suspi-

235 3591 355 3656 cionem
388 3611 421 3658 se
454 3593 602 3660 maritum
623 3594 817 3662 interemisse
850 3614 965 3661 333333
999 3594 1174 3662 inciderat?
1220 3595 1287 3675 Quo
1321 3593 1420 3677 magis
1447 3591 1543 3675 igitur
1564 3589 1632 3670 ipse

234 3713 398 3761 novercam
420 3716 480 3762 non
508 3698 664 3766 iunoniam
694 3701 739 3764 rei
762 3697 904 3782 capitalis
928 3700 1017 3784 argui
1040 3699 1231 3778 confidebat,
1263 3717 1299 3764 eo
1331 3717 1364 3764 33
1396 3715 1485 3761 suam
1507 3712 1632 3760 accusa

234 3799 361 3874 tionem,
374 3802 487 3867 certius
509 3821 615 3867 veram
637 3823 705 3868 esse
727 3803 880 3869 iudicibus
904 3802 1050 3868 credebat
1080 3820 1147 3867 esso
1177 3821 1407 3886 persuasurum.
1453 3798 1539 3879 Quae
1562 3817 1633 3862 oum

234 3903 441 3996 perpendero,
472 3907 594 3972 tantum
626 3906 732 3986 abest,
763 3908 799 3972 ut
821 3925 892 3972 oum
914 3906 1036 3971 Blassio
1051 3904 1091 3993 ¹¹)
1115 3907 1230 3972 oratori
1253 3905 1373 3972 cumini
1397 3904 1518 3982 ducam,
1548 3900 1632 3984 quod

237 4079 443 4092 *tt—ua*

340 4180 360 4250 ¹)
380 4181 421 4236 Cf.
438 4181 457 4236 1.
476 4200 498 4238 3.
516 4199 542 4252 p.
562 4184 603 4238 11.
621 4215 654 4222 -
673 4182 695 4252 ²)
715 4183 755 4238 cf.
775 4199 798 4237 a.
817 4199 840 4236 3.
860 4182 892 4237 Ο.
912 4181 938 4236 S.
958 4183 998 4237 13.
1018 4214 1050 4222 -
1072 4182 1093 4254 3)
1113 4181 1154 4238 Cf.
1173 4200 1197 4236 3.
1215 4199 1239 4235 3.
1258 4171 1338 4236 (MS.
1358 4179 1416 4233 181.
1436 4209 1469 4217 ——
1487 4177 1510 4248 4)
1530 4177 1570 4233 cf.
1590 4194 1627 4230 or.

238 4267 263 4336 ξ.
281 4265 362 4326 21313
380 4270 424 4320 καὶ
442 4269 490 4338 r'yoi
509 4271 553 4322 καὶ
570 4271 588 4338 ἦ
604 4269 693 4340 γραφή
712 4272 786 4336 λέγει.
808 4269 877 4324 Vide
895 4270 1032 4340 Hoppium
1043 4271 1061 4323 l.
1072 4287 1094 4324 c.
1112 4288 1138 4340 p.
1156 4271 1199 4324 22.
1211 4301 1244 4308 -
1263 4269 1284 4340 ⁵)
1304 4266 1344 4321 Cf.
1364 4283 1401 4320 or.
1420 4268 1444 4336 ξ.
1463 4267 1508 4320 30:
1519 4263 1634 4322 κάκεῖνος

236 4355 296 4416 ἐμοὶ
312 4357 360 4423 νέῳ
378 4353 419 4409 ’ἔτι
431 4354 490 4410 ὄντι
501 4359 592 4410 ταῦτα
610 4357 725 4425 ἐδήλωσε
737 4357 782 4426 331
793 4357 945 4432 induxerim,
965 4346 986 4409 31
1004 4357 1109 4428 ἄνδρες,
1123 4355 1156 4430 ori
1168 4361 1223 4414 τοῖς
1235 4353 1343 4406 ἑαυτοῦ
1359 4353 1477 4412 δούλοις.
1496 4385 1529 4392 -
1547 4353 1570 4423 ὅ)
1589 4350 1632 4406 Cf.

236 4458 274 4496 33.
293 4445 318 4512 ξ.
336 4444 361 4497 9.
380 4444 453 4516 -1)
472 4444 582 4499 Pahlins
599 4444 617 4500 l.
637 4461 659 4500 c.
676 4462 702 4514 p.
722 4445 755 4499 13
773 4443 854 4499 verba
883 4447 925 4514 ἐξ.
943 4445 1029 4499 5-13
1050 4443 1203 4514 discrepare
1223 4439 1370 4496 contendit.
1383 4439 1502 4496 Primum
1522 4437 1629 4510 quidem
1724 4495 1729 4504 ,

237 4545 327 4584 servos
347 4530 452 4596 caedis,
480 4530 513 4586 de
533 4548 586 4604 qna
603 4532 704 4602 agitur,
736 4531 855 4586 conscios
874 4548 998 4587 essenos
1017 4530 1135 4595 credere,
1163 4527 1259 4584 deinde
1278 4545 1308 4582 cx
1326 4527 1414 4582 verbis
1433 4529 1458 4596 ξ.
1476 4527 1493 4580 9
1510 4523 1632 4592 intellegi

235 4615 297 4668 illos
314 4618 420 4671 tanturn
443 4617 476 4672 de
494 4619 615 4689 pristinis
628 4605 722 4674 'caedis
741 4619 859 4672 consiliis
878 4617 1026 4672 accuratius
1045 4617 1138 4672 doctos
1166 4631 1223 4670 esse
1253 4630 1340 4684 neque
1370 4631 1401 4668 co
1429 4614 1515 4668 secius
1538 4613 1634 4682 postea

238 4719 314 4768 eum,
343 4705 390 4773 qui
416 4705 564 4761 orationem
590 4695 684 4771 habet,
714 4706 825 4776 perinde
852 4721 944 4774 agere,
974 4721 1006 4758 33
1028 4704 1051 4758 31
1069 4704 1138 4758 33331
1157 4703 1190 4757 de
1208 4701 1258 4756 hac
1275 4702 1336 4772 ipsa
1353 4701 1433 4755 caede
1451 4699 1551 4754 iudicia
1570 4697 1632 4750 dare

237 4791 397 4861 potuissent.
424 4792 523 4848 Verum
541 4794 595 4848 ista
612 4794 789 4863 repugnantia
808 4792 988 4862 expedientur,
1006 4790 1030 4846 si
1047 4791 1142 4845 Pahlio
1162 4789 1326 4858 diligentius,
1345 4785 1477 4857 quomodo
1496 4785 1634 4840 accusator

237 4894 377 4933 novercam
395 4878 424 4934 in
442 4880 521 4950 culpa
539 4897 596 4935 esse
614 4879 723 4951 planum
741 4879 842 4945 fecerit,
853 4878 987 4949 persecuti
1000 4878 1106 4933 3313333.
1125 4876 1166 4931 cf.
1178 4877 1215 4942 id,
1234 4875 1306 4946 quod
1324 4875 1391 4930 dicit
1402 4872 1525 4944 Hoppius
1543 4871 1561 4925 1.
1574 4887 1597 4924 c.
1606 4887 1633 4940 p.

237 4963 355 5038 22.-⁸)
375 4963 416 5022 Cf.
436 4983 473 5020 or.
493 4969 518 5038 §.
536 4967 578 5023 28.
590 4967 655 5039 -⁹)
673 4966 783 5038 Kayser,
802 4965 898 5044 Rhein.
916 4964 1031 5020 113311.
1050 4965 1081 5022 11.
1099 4963 1247 5036 13133312.
1266 4963 1293 5024 S,
1311 4961 1409 5018 22411.
1428 4991 1460 5000 -
1482 4958 1514 5032 ¹⁰)
1534 4955 1575 5014 cf.
1594 4973 1633 5018 or.

238 5053 281 5122 ὅθ.
298 5052 410 5109 21-30.
428 5084 461 5094 —-
483 5053 514 5126 ¹¹)
534 5052 575 5109 cf.
597 5069 621 5108 a.
639 5069 663 5108 a.
682 5051 715 5108 0.
734 5052 760 5108 S.
780 5051 828 5110 181
849 5052 877 5108 ff.
