3732 5852
832 204 1064 320 fra-¹

343 465 559 546 Hucaccedit,
571 464 653 548 quod
667 466 730 530 tres
745 462 820 528 illae
836 462 998 540 orationes,
1011 479 1200 544 quamquam
1216 461 1313 528 oratio
1322 461 1424 546 prima
1432 465 1479 529 est
1488 463 1653 546 accusatio,

254 574 381 638 illarum
402 574 533 654 utraque
557 568 702 648 defensio,
740 569 843 633 tamen
867 566 1067 650 dispositione
1089 585 1193 632 rerum
1216 565 1497 650 sententiarumque
1519 568 1599 634 inter
1621 589 1654 635 se

254 676 431 744 simillimae
454 677 535 740 sunt.
558 675 593 739 lu
607 673 765 757 prooemio
783 671 864 737 enim
881 670 999 755 primae
1017 671 1175 754 orationis,
1190 671 1238 756 55.
1256 671 1349 751 1-4,
1364 671 1402 751 is,
1417 671 1470 754 qni
1485 673 1654 739 cratonem

258 782 342 860 dicit,
367 780 405 845 de
429 775 647 856 adulescentia,
671 777 709 842 de
731 795 834 842 rerum
849 775 1020 842 forensium
1039 775 1206 860 imperitia,
1230 774 1268 840 de
1289 774 1422 856 fortuna,
1445 776 1578 860 quahac
1598 775 1654 843 lita

254 884 424 968 implicitus
449 885 505 962 est,
529 881 676 965 queritur,
701 901 780 966 quae
803 880 929 946 eaedem
951 880 1121 947 sententiae
1143 881 1175 945 in
1198 878 1323 946 exordio
1355 880 1479 962 quintae
1509 880 1654 948 orationis

254 989 459 1072 reperiuntur.
483 985 563 1052 Cum
584 987 616 1051 in
639 986 829 1052 orationibus
845 986 946 1069 prima
959 987 991 1051 et
1006 987 1093 1052 serta
1117 984 1234 1051 iudices
1257 987 1449 1064 moneaubu,
1471 987 1508 1050 ut
1528 983 1653 1070 legibus

227 1103 228 1110 ’
257 1093 364 1158 ediis
388 1091 502 1158 sanctis
534 1090 734 1170 satisfaciant,
763 1089 796 1154 in
818 1090 868 1154 his
897 1090 998 1157 tribus
1027 1090 1171 1170 breviter,
1202 1089 1239 1155 de
1272 1090 1383 1173 quibus
1412 1090 1504 1155 rebus
1535 1091 1653 1174 agatur,

257 1196 369 1262 docent
389 1195 422 1276 ii,
457 1194 509 1278 qui
535 1194 714 1276 loquuntur,
749 1194 780 1259 et
809 1192 947 1259 indicum
977 1183 1222 1262 benevolentiam
1246 1193 1305 1261 sibi
1334 1195 1498 1260 conciliare
1519 1193 1654 1260 student.

257 1340 299 1351 -
321 1299 486 1366 Prooemia
508 1299 700 1384 singularum
738 1298 911 1364 orationum
948 1318 985 1363 θα
1020 1316 1091 1380 pars
1129 1298 1278 1380 sequitur,
1313 1318 1391 1381 qnae
1427 1299 1654 1384 αρααατασαεθή

255 1404 440 1472 nominatur.
475 1404 535 1486 Qui
557 1403 690 1488 primam
721 1404 890 1469 credonem
924 1402 1008 1482 dicit,
1046 1393 1212 1486 postquam
1241 1404 1272 1467 in
1303 1403 1461 1486 prooemio
1491 1422 1655 1469 novercam

258 1512 322 1577 iam
354 1511 452 1602 antea.
475 1509 597 1592 saepius
628 1510 773 1574 conatam
793 1526 859 1572 esse
881 1507 1028 1572 maritum
1049 1525 1165 1573 veneno
1187 1507 1363 1572 interimere
1384 1507 1535 1591 exposuit,
1566 1507 1597 1572 in
1620 1527 1657 1573 ea

255 1617 352 1699 parte,
377 1631 455 1696 quae
476 1612 705 1698 προκατασαεθὴ
730 1611 851 1689 dicitur,
874 1611 922 1700 55.
946 1612 1062 1690 5—13,
1086 1611 1247 1676 seminari
1270 1611 1354 1692 dicit,
1378 1611 1461 1695 quod
1477 1611 1653 1691 adversarii,

201 1781 204 1790 ,
257 1739 295 1788 ne
317 1737 425 1784 verum
446 1717 583 1800 patefiat,
615 1735 719 1782 servos
741 1715 929 1798 torquendos
957 1714 1029 1782 dar'e
1059 1716 1170 1781 nolint.
1216 1714 1284 1796 qia
1315 1717 1508 1783 contentione
1539 1718 1570 1782 et
1600 1735 1657 1782 sua

254 1822 373 1890 ratione
394 1839 467 1908 'cnm
491 1839 607 1898 eorum,
632 1820 684 1902 qni
706 1823 839 1886 matrem
858 1819 1034 1900 defendunt,
1058 1823 1236 1903 comparata
1251 1820 1443 1886 adversarios
1464 1821 1496 1884 in
1518 1820 1656 1898 iudicum

257 1926 405 1994 invidiam
421 1924 572 2015 adducere
589 1924 701 1990 studet.
726 1923 828 1990 Simili
845 1924 937 1989 modo
953 1925 984 1989 in
996 1924 1108 2013 iisdem
1124 1924 1313 2006 reliquarum
1330 1923 1460 1990 dumam
1483 1925 1656 1991 orationum

256 2031 397 2116 partibus
430 2029 581 2112 rationem
616 2048 705 2094 suam
736 2049 805 2094 eum
836 2029 1040 2108 defensorum,
1076 2029 1128 2112 qui
1157 2029 1245 2093 falsis
1276 2028 1539 2094 criminationibus
1570 2029 1656 2114 leges

257 2139 349 2218 atque
385 2134 528 2200 instituta
550 2153 569 2198 α
596 2132 765 2198 maioribus
801 2133 917 2199 tradita
937 2134 1128 2214 violaverint,
1148 2133 1277 2200 audacia
1300 2131 1484 2199 confert‘-
1499 2125 1654 2217 Sequitur,

261 2260 338 2326 quae
361 2259 433 2324 pars
455 2239 600 2323 πρόθεσις
621 2240 758 2318 vocatur,
781 2239 811 2302 in
836 2239 972 2304 oratione
994 2241 1101 2304 nostra
1123 2239 1151 2322 5.
1184 2240 1223 2304 13
1253 2238 1317 2318 fin,
1348 2257 1426 2320 quae
1456 2238 1488 2302 in
1523 2237 1653 2322 smgudis

263 2342 453 2410 orationibus
478 2342 517 2406 ad
539 2343 746 2409 narrationem
768 2343 869 2426 ipsam
891 2342 1027 2408 traducit
1040 2341 1074 2430 ἱ).
1119 2344 1206 2408 Ηαθθ
1227 2343 1362 2408 narratio
1383 2343 1416 2407 in
1439 2361 1482 2408 or.
1505 2343 1530 2408 Ι.
1546 2343 1593 2427 55.
1618 2344 1657 2407 1‘4

262 2451 294 2515 et
316 2451 357 2514 20
381 2448 563 2528 continetur,
589 2468 682 2531 quam
703 2448 796 2533 longe
820 2447 969 2532 optimam
990 2450 1111 2531 partem
1135 2448 1281 2514 orationis
1309 2467 1376 2514 esse
1398 2466 1492 2530 snpra
1514 2446 1656 2527 diximus,

260 2573 330 2619 eum
352 2553 384 2618 in
406 2553 534 2636 reliquis
549 2553 626 2618 haec
641 2573 712 2637 pars
726 2553 825 2618 multo
847 2552 973 2618 inferior
995 2553 1045 2618 sit.
1069 2552 1253 2618 Narratione
1269 2552 1406 2618 confecta
1420 2553 1451 2617 in
1468 2553 1656 2618 orationibus

259 2659 367 2742 quinta
390 2660 530 2724 etsexta
553 2658 657 2722 orator
680 2657 952 2736 confirmationem,
977 2676 1038 2739 qua
1058 2657 1090 2723 in
1117 2660 1204 2740 parte
1226 2657 1363 2740 Antipho
1386 2656 1549 2740 praecipue
1573 2660 1655 2724 artes

262 2782 333 2828 suas
355 2762 481 2846 profert,
503 2762 685 2846 ingreditur.
729 2764 765 2827 ln
786 2762 887 2845 prima
909 2763 1013 2827 autern
1036 2761 1173 2828 oratione
1196 2763 1386 2845 argumenta,
1409 2763 1445 2825 ut
1467 2780 1560 2844 supra
1582 2762 1654 2842 dixi,

262 2866 375 2932 adferri
396 2887 456 2932 non
478 2869 653 2950 potueruut.
676 2869 712 2932 ln
734 2868 792 2932 hac
816 2867 903 2931 enirn,
919 2887 1023 2932 rerum
1037 2870 1148 2931 natura
1163 2867 1379 2951 argumentum
1401 2864 1460 2930 nisi
1483 2863 1514 2938 tl
1535 2863 1655 2930 εἰκότων

263 2970 439 3052 deductum,
453 2990 512 3053 quo
530 2973 633 3035 orator
647 2971 753 3036 iamin
768 2990 804 3036 ea
814 2972 912 3055 parte,
922 2989 1015 3052 quam
1026 2969 1271 3054 πρακατασαευήν
1283 2968 1487 3049 nominamus,
1500 2970 1655 3050 utebatur,

264 3075 376 3140 adferri
399 3095 459 3140 non
481 3072 630 3161 potuit2).
677 3074 815 3139 Oratoris
847 3075 943 3158 igitur
975 3077 1040 3138 erat
1071 3073 1273 3154 contentione,
1308 3073 1382 3156 quid
1412 3075 1493 3140 inter
1515 3093 1603 3139 suam
1626 3077 1656 3140 et

261 3179 427 3245 adversarii
450 3197 575 3244 causam
588 3179 761 3257 interesset,
785 3179 956 3261 explanare,
979 3181 1015 3243 ut
1040 3178 1157 3244 iudices
1179 3179 1327 3259 moveret,
1350 3178 1382 3242 id
1398 3178 1525 3260 quodin
1542 3179 1590 3262 55.
1615 3181 1653 3243 21

261 3323 305 3332 -
327 3287 367 3349 30
401 3302 594 3366 quocumque
624 3283 717 3349 modo
752 3282 856 3348 studet
895 3282 1024 3347 efficere.
1062 3281 1209 3348 Attamen
1247 3283 1521 3366 argumentationis
1558 3303 1656 3368 genus

261 3389 293 3453 in
314 3371 484 3454 tribus'his
508 3388 696 3455 orationibus
720 3386 955 3452 similitudinem
978 3385 1132 3471 quandam
1146 3386 1250 3466 hebet,
1274 3406 1344 3452 cnm
1360 3387 1454 3452 etiam
1469 3387 1656 3452 orationibus

262 3493 387 3575 quintae
411 3494 442 3558 et
464 3495 567 3558 sextae
591 3494 773 3577 argumenta
786 3492 970 3576 gravissima
985 3511 1021 3557 cu
1034 3491 1109 3556 facti
1123 3491 1263 3576 vestigiis
1285 3491 1449 3574 desumpta
1470 3491 1540 3570 sint,
1563 3491 1608 3556 ita
1622 3494 1658 3558 nt

262 3596 363 3662 minus
387 3616 490 3662 rernm
512 3596 673 3675 factarum,
706 3596 787 3662 sicut
815 3615 886 3684 vere
915 3615 950 3660 se
975 3596 1118 3676 habeant,
1150 3614 1243 3678 quam
1277 3615 1394 3675 eorum,
1426 3615 1504 3679 qnae
1527 3614 1598 3661 cum
1621 3615 1658 3660 er

261 3703 352 3767 facts
374 3704 442 3766 tum
460 3721 496 3766 ex
511 3701 756 3767 adversariorum
771 3701 872 3767 verbis
889 3700 1030 3767 concludi
1047 3703 1078 3766 et
1092 3700 1293 3783 probabiliter
1309 3700 1418 3784 exponi
1432 3700 1561 3783 possint,
1577 3699 1657 3765 ratio

263 3806 423 3872 habeatur.
438 3845 481 3854 —-
497 3806 724 3872 Sententiarum
747 3808 851 3871 autem
874 3804 1013 3870 ordinem
1035 3805 1067 3870 in
1078 3805 1179 3889 prima
1201 3805 1338 3871 oratione
1364 3807 1456 3889 atque
1477 3805 1508 3868 in
1530 3805 1657 3886 reliquis

264 3908 393 3991 duabus,
414 3911 452 3975 nt
472 3911 553 3974 inter
576 3927 608 3973 se
645 3909 811 3988 differrent,
848 3909 963 3976 mutari
995 3929 1119 3975 necesse
1144 3911 1218 3974 erat.
1263 3909 1346 3974 Nam
1374 3909 1408 3973 id
1436 3911 1538 3992 ipsum
1567 3931 1657 3993 prae-

263 4013 382 4080 clarum
414 4017 461 4080 est
491 4012 700 4096 Antiphontis,
739 4015 822 4095 quod
843 4015 1010 4081 sententias
1042 4014 1180 4098 singulas
1202 4013 1321 4079 variare
1351 4015 1518 4096 consuevit,
1548 4015 1691 4081 simul·

265 4136 323 4199 que
347 4118 629 4184 lucidentissimum
665 4118 877 4184 testimoninm
911 4120 997 4184 nullo
1031 4121 1121 4202 paeto
1144 4120 1224 4184 hanc
1246 4119 1417 4184 orationem
1440 4119 1477 4185 ab
1500 4119 1657 4184 imitatore

267 4221 370 4286 nescio
396 4242 455 4305 quo
480 4223 685 4306 conscriptam
710 4242 786 4288 esse.
816 4223 900 4286 Nam
923 4223 1033 4304 siquis
1056 4223 1278 4306 Antiphontem
1301 4223 1360 4288 sibi
1381 4223 1566 4289 imitandum
1588 4242 1660 4305 pro-

261 4325 426 4407 posuisset,
449 4328 530 4393 hunc
552 4347 655 4392 rerum
676 4327 884 4393 inventionem
907 4345 943 4391 aa
965 4327 1208 4410 dispositionem,
1225 4328 1347 4410 quaein
1364 4328 1552 4392 orationibus
1568 4347 1656 4410 repe·
1684 4373 1689 4382 ·

262 4430 392 4510 riantur,
417 4435 595 4498 secuturum
620 4452 715 4516 eaque
739 4452 771 4496 re
794 4431 884 4515 plane
905 4431 1099 4514 perfecteque
1122 4451 1178 4496 nos
1212 4431 1412 4514 deceptuuum
1437 4431 1533 4498 inisse
1554 4433 1654 4498 mani-

260 4536 374 4600 festum
397 4537 445 4600 est
469 4533 494 4622 ).
771 4609 775 4618 ⁴

362 4641 398 4704 ln
420 4639 480 4704 fine
514 4641 687 4707 orationum
718 4641 836 4725 primae
870 4641 901 4705 et
936 4640 1078 4723 quintae,
1103 4641 1156 4722 qui
1193 4642 1286 4706 verba
1308 4641 1399 4721 facit,
1432 4642 1469 4706 ab
1492 4641 1656 4722 iudicibus,
1695 4701 1698 4708 ⁴
1750 4724 1752 4728 Α

262 4747 299 4809 ut
334 4744 494 4829 elegibus
516 4744 673 4825 iudicent,
696 4746 785 4829 petit·
830 4745 909 4812 Sum
942 4746 1046 4808 autem
1080 4745 1177 4810 oratio
1213 4747 1298 4810 sexta
1333 4745 1381 4810 his
1418 4747 1560 4830 precibus
1597 4766 1657 4811 non

369 4917 388 4987 ¹)
409 4915 564 4971 Orationem
584 4919 711 4986 quintam,
722 4917 769 4972 ubi
786 4917 874 4972 brevis
886 4916 1017 4988 πρόθεσις
1034 4920 1059 4986 5.
1073 4919 1088 4970 7
1100 4917 1144 4970 fin.
1164 4919 1192 4971 et
1216 4920 1241 4987 5.
1255 4919 1287 4972 19
1300 4919 1465 4988 prooemium
1486 4916 1657 4988 subsequitur

261 5006 289 5057 et
306 5004 533 5072 προκατασκαυήν,
553 5005 713 5076 excipiamus
733 5021 841 5060 neeesse
861 5009 911 5060 est.
930 5037 964 5048 -
982 5004 1003 5077 ²)
1022 5004 1122 5060 Linder
1147 5005 1166 5058 l.
1185 5021 1206 5059 c.
1225 5023 1252 5076 p.
1273 5006 1314 5060 24.
1346 5037 1374 5048 -
1405 5007 1426 5078 ³)
1445 5005 1569 5076 Hoppius
1596 5005 1614 5060 l.
1633 5022 1656 5059 c.

261 5106 289 5160 p.
324 5090 436 5146 29-32.
1365 5093 1378 5110 ⁴
