3744 5852
865 271 1017 367 -22'„.

240 521 373 602 βασάνου
390 515 422 584 εὖ
438 517 506 603 ήδει
519 521 603 603 κτλς
626 518 706 598 inv,
732 521 790 601 19:
814 514 898 605 ὅμως
922 523 1019 604 μέντοι
1039 539 1073 598 γε
1094 521 1146 582 nui
1167 515 1201 582 ἐκ
1221 519 1331 596 τούτων
1350 522 1532 603 πειράσομαι
1552 517 1638 598 κτλς

239 626 271 692 11
286 625 339 704 VI,
357 626 415 690 35:
438 627 490 688 καὶ
512 619 611 696 αὐτοῖς
634 619 668 686 ὲκ
691 626 743 707 μὲν
764 631 821 687 τῶν
844 627 1055 708 πεπραγμένων
1079 671 1178 686 .....
1202 618 1445 708 ἀπορεύέεσθαις
1471 640 1637 706 pronomen

239 727 491 808 1111111111,
517 729 556 794 16
580 730 612 794 11
632 728 664 794 iu
686 727 725 807 V,
749 728 800 794 93.
845 727 897 791 illi
920 727 1028 798 eadem
1051 745 1144 793 eausa
1165 726 1298 809 permoti
1321 727 1475 810 inceptam
1499 727 1638 792 111111-

240 835 345 900 torum
367 835 556 899 simeturum
578 831 618 896 ad
640 831 732 897 finem
755 849 815 897 non
838 831 1061 914 perdureumt,
1099 831 1155 896 sed
1185 831 1355 897 omisenmt
1384 833 1415 896 et
1443 830 1545 896 uerbis
1577 831 1638 896 alio

239 937 333 1004 modo
356 937 505 1002 consertis
528 935 677 1002 enuntiati
692 935 784 1002 finem
801 935 940 1002 fecerunt
954 935 1204 1004 antecedentibus
1219 954 1345 1019 prorsus
1368 954 1428 1000 non
1450 934 1638 1019 respondeu-

239 1043 304 1108 tem
318 1039 353 1128 ¹).
392 1042 480 1108 Unde
504 1039 728 1127 anacolutha2),
746 1059 824 1124 quae
847 1040 999 1120 dicuntur,
1024 1041 1216 1121 enascuntur,
1236 1058 1423 1125 quamquam
1446 1039 1527 1124 apud
1549 1039 1639 1104 Auti-

238 1145 387 1228 phontem
402 1164 501 1228 panea
516 1143 607 1210 huius
622 1144 743 1230 generis
760 1144 901 1226 exempla
922 1143 1116 1226 reperiuntur
1138 1145 1169 1210 et
1192 1144 1271 1210 aliae
1295 1145 1409 1226 eaeque
1433 1143 1637 1227 simpliciores

238 1267 299 1330 res,
322 1251 358 1314 ut
379 1267 452 1314 mox
466 1248 650 1328 videbimus,
674 1247 868 1330 adhibentur,
885 1247 997 1331 quibus
1021 1248 1167 1316 orationis
1182 1249 1314 1314 varietas
1329 1247 1470 1314 efficitur.
1492 1247 1638 1312 Attamen

239 1352 355 1439 legitur
369 1354 400 1418 in
415 1354 453 1432 V,
466 1337 525 1419 4'6:
549 1352 566 1416 1
588 1353 622 1416 δὲ
643 1355 695 1416 καὶ
714 1353 844 1438 μάλιστα
858 1351 1038 1439 ἐνθυμεῖσθε
1055 1403 1062 1417 .
1080 1404 1087 1418 .
1155 1355 1206 1418 καὶ
1229 1355 1273 1439 μή
1294 1351 1434 1438 ἄχθεσθὲ
1457 1365 1515 1438 μοι·
1531 1401 1636 1417 .....

240 1454 275 1521 ἂν
292 1506 299 1521 .
315 1507 323 1521 .
338 1506 345 1522 .
359 1507 366 1525 .
378 1480 387 1542 ς
399 1457 478 1524 inira
491 1457 577 1524 breui
596 1456 755 1542 colligitur
775 1458 872 1524 oratio
887 1458 989 1524 verbis
1006 1459 1047 1544 μή
1063 1446 1115 1522 ude
1131 1455 1281 1542 ἐξέληταις
1298 1458 1367 1523 sim.
1383 1458 1479 1522 hebes
1494 1457 1572 1537 iuV,
1586 1458 1637 1540 11,

240 1564 300 1640 93;
323 1563 354 1627 in
377 1561 430 1640 VI,
457 1563 506 1642 19,
530 1564 582 1642 23,
605 1563 657 1628 45.
701 1563 737 1627 Iu
771 1563 907 1628 oratione
943 1564 1044 1647 prima
1065 1564 1143 1632 talia
1164 1583 1225 1631 111
1249 1565 1329 1642 sunt,
1353 1581 1425 1628 uam
1446 1561 1508 1627 loci
1528 1561 1554 1641 Ι,
1579 1562 1636 1626 161

240 1667 400 1750 κάλλιοτον
423 1662 474 1729 οὖν
492 1716 599 1733 .....
617 1663 682 1751 ἅμα
703 1665 737 1730 δὲ
758 1667 894 1732 θύσαντα
917 1663 1184 1742 1117ἔδοξενοῦν
1200 1716 1308 1733 .....
1324 1666 1520 1731 διακονοῦσαν
1536 1665 1636 1743 aliter,

239 1772 276 1836 ut
298 1789 391 1854 supra
414 1769 485 1850 dixi,
510 1790 543 1836 se
565 1768 717 1857 habeut³).
735 1770 802 1851 Quo
824 1771 942 1839 iactum
964 1775 1029 1852 est,
1052 1776 1089 1837 ut
1110 1773 1318 1856 antiquiorum
1340 1773 1517 1854 temporum
1539 1769 1638 1852 scrip·

239 1877 322 1939 tores
354 1876 386 1938 11
415 1874 583 1940 sententias
614 1893 707 1957 quam
737 1875 872 1941 maxima
902 1895 976 1942 cure
1009 1877 1117 1950 efferre
1149 1879 1180 1943 11
1205 1875 1343 1942 venandi
1365 1894 1462 1960 genus
1485 1871 1638 1940 scribendi

240 1979 342 2050 studio
366 1997 459 2062 quam
481 1978 650 2062 plurimum
672 1978 834 2065 indulgere
856 1982 992 2063 possent.

339 2083 476 2166 Antipho
500 2083 722 2168 cogitationum
745 2087 776 2149 et
798 2085 1029 2164 sententiarum,
1052 2086 1203 2168 utsupra
1225 2084 1343 2150 dictum
1366 2086 1422 2164 est,
1445 2083 1637 2167 repetitione,
1658 2071 1664 2090 ⁸

240 2209 301 2273 qua
322 2183 392 2253 illis
415 2187 565 2252 maiorem
596 2188 660 2254 vim
690 2188 853 2268 subiceret,
876 2188 923 2253 uti
946 2188 1113 2254 consuevit.
1158 2188 1266 2268 Idem,
1299 2190 1423 2254 utrem
1445 2189 1545 2274 magis
1567 2185 1638 2271 pre-

238 2294 347 2372 meret,
359 2293 516 2359 notionem
527 2292 653 2375 1111111,
670 2311 748 2373 quae
770 2291 853 2357 idem
866 2291 1028 2376 significat,
1045 2295 1099 2358 111
1113 2293 1287 2376 complures
1302 2293 1382 2358 tales
1397 2293 1536 2358 notiones
1558 2293 1638 2358 inter

239 2417 272 2464 se
296 2397 479 2481 eoniuurgere
502 2395 631 2489 solebat.
660 2394 729 2476 Qua
749 2395 910 2472 notionum
931 2397 1073 2462 ubertate
1097 2399 1128 2462 et
1150 2397 1339 2463 abundantia
1360 2396 1534 2475 uerborum,
1558 2414 1636 2478 quae

239 2501 353 2585 poetici
369 2501 518 2567 sermonis
533 2493 635 2584 magii
649 2500 792 2583 propriae
807 2502 889 2580 sunt,
906 2501 1075 2566 orationem
1091 2501 1288 2587 magnificam
1304 2504 1336 2567 et
1350 2521 1477 2586 marem
1491 2499 1635 2565 reddidit.

241 2607 336 2672 Curius
359 2607 404 2672 rei
425 2606 527 2671 multa
562 2605 703 2687 exempla
739 2604 840 2688 promi
872 2607 1003 2689 possunt
1023 2606 1054 2670 in
1083 2607 1108 2685 1,
1143 2608 1176 2671 11
1207 2607 1310 2679 δεινῶς
1339 2609 1390 2670 οιαὶ
1431 2603 1569 2688 ἀπόρωςς
1598 2605 1636 2667 3:
1666 2681 1670 2689 Ι

239 2709 270 2785 ἐξ
293 2709 453 2796 ἐπιβουλῆς
483 2713 535 2774 καί
556 2709 747 2794 προβουλήςς
791 2709 834 2775 ib.
859 2711 899 2795 μή
923 2707 1019 2794 ἅπαξ,
1050 2707 1131 2774 ἀλλὰ
1159 2712 1324 2795 πολλάκιςς
1371 2712 1431 2775 101
1464 2706 1566 2794 ὀρθῶς
1587 2709 1638 2770 καὶ

239 2815 382 2898 δικαίωςς
405 2817 463 2880 201
487 2808 603 2886 εύθὲως
625 2821 832 2899 παραχρήμας
865 2815 908 2880 ib.
932 2815 1137 2900 διακονήσασα
1157 2818 1209 2879 καὶ
1230 2816 1473 2902 χειρουργήυασα
1482 2835 1495 2897 ς
1513 2815 1574 2878 211
1596 2823 1637 2896 τῷ

241 2920 380 2984 τεθνεῶτι
408 2967 488 2982 ....
511 2920 625 3001 καὶτῷ
647 2914 835 3003 ήδικημὲνιρς
858 2921 909 2981 καί
932 2915 1017 2982 ἐλέου
1039 2922 1091 2983 καὶ
1112 2921 1257 3004 βοηθείας
1279 2921 1329 2983 καὶ
1350 2923 1513 3005 τιμωρ1αςς
1536 2916 1638 2989 ἀθέως

240 3027 292 3088 aad
313 3020 450 3107 ἀκλεῶςς
495 3025 554 3089 221
593 3020 723 3108 ἀθέμιτα
751 3025 803 3085 καὶ
829 3019 936 3087 ἀνόσια
964 3026 1016 3087 καὶ
1046 3021 1189 3089 ἀτέλεστα
1218 3027 1270 3089 καὶ
1292 3021 1463 3108 ἀνήκουστα
1483 3024 1535 3087 καὶ
1555 3024 1640 3094 θεοῖς

214 3127 293 3194 'cau
315 3123 399 3213 ὁμῑνς
444 3131 503 3193 231
526 3129 662 3191 δικασταὶ
684 3125 822 3207 ἐγένεσθε
844 3130 896 3190 οιαὶ
917 3124 1083 3213 ἐιιλήθητες
1128 3131 1351 3213 251κα1γάρ
1382 3129 1561 3211 δικαιότερον
1590 3128 1642 3190 nui

243 3231 420 3317 όσιῶτερονς
464 3233 506 3298 ib.
530 3229 740 3317 ἀνελεημόνως
762 3233 813 3294 καί
836 3228 1037 3314 ἀνουιτίστωςς
1081 3235 1141 3298 261
1173 3229 1318 3306 ἑκουσίως
1348 3236 1399 3298 καὶ
1429 3233 1641 3316 βοολεύσασας

242 3339 285 3403 ib.
310 3335 459 3408 ἀκουσίως
481 3339 533 3401 καὶ
551 3337 677 3419 ’βιαίωςς
711 3332 840 3407 ἀνοσίως
861 3339 913 3398 καὶ
934 3333 1088 3422 αἱσχρῶςς
1119 3338 1178 3402 271
1202 3334 1349 3410 ἑκουσίοις
1371 3340 1422 3400 καὶ
1445 3335 1479 3400 ἐκ
1499 3339 1641 3420 προνοίας

243 3440 407 3530 ἀδικήμασι
448 3445 500 3505 καὶ
544 3438 754 3526 ἁμαρτήμασις
798 3441 840 3508 ib.
881 3436 948 3502 οὔτε
984 3440 1080 3518 θεοὺς
1117 3439 1185 3504 οὔθ’
1223 3438 1328 3527 ήρωας
1360 3437 1421 3504 οὔτ’
1462 3437 1642 3524 ἀνθρώπους

114 3577 117 3586 ‚
244 3546 442 3632 αἰσχυνθεῖσα
456 3541 526 3609 οὐδὲ
540 3543 652 3608 δείσασ’
675 3541 829 3608 ἀπώλεσεν
846 3593 955 3609 .....
974 3544 1047 3629 ’μήτ’
1071 3543 1174 3617 αἰδούς
1198 3545 1264 3630 μήτ’
1288 3543 1373 3608 ἐλέου
1397 3544 1462 3630 μήτ’
1487 3541 1641 3629 αἰσχύνης.

244 3651 347 3718 Simili
369 3650 462 3716 modo
485 3649 601 3734 legitur
622 3649 654 3713 in
676 3647 715 3729 V,
740 3649 776 3714 7:
799 3652 934 3734 νομίμως
955 3653 1006 3712 καὶ
1029 3646 1137 3734 ὁσίωςς
1161 3651 1196 3716 8:
1219 3652 1459 3734 παρανομώτατα
1479 3652 1531 3712 καί
1553 3650 1643 3731 βιαιό-

244 3776 336 3838 τατας
380 3755 422 3821 ib.
445 3750 465 3840 ή
489 3755 598 3818 τούτων
622 3755 754 3839 βιαιότης
775 3757 827 3817 καὶ
848 3758 1038 3839 παρανομίας
1076 3756 1113 3833 9ς
1136 3756 1343 3839 νομιμωτάτην
1365 3755 1417 3816 καὶ
1438 3753 1643 3836 ὃικοιιοτοίτηνς

248 3861 303 3925 111
327 3855 416 3944 ὅρκον
441 3863 573 3944 μέγιστον
595 3862 646 3922 καὶ
667 3857 879 3943 ὶσχυρότατονς
920 3860 979 3924 141
1013 3858 1159 3922 κάλλιστα
1188 3858 1309 3923 κεῖσθαι
1339 3860 1391 3921 καὶ
1414 3853 1578 3941 ὁσιώτατας
1600 3857 1643 3920 in.

247 3961 350 4047 ὀρθῶς
383 3966 435 4026 καὶ
468 3967 619 4048 νομίμωςς
666 3964 724 4027 16:
749 3959 964 4050 ἀμριςβήτησιν
986 3967 1038 4027 καὶ
1059 3964 1165 4046 λόγονς
1213 3964 1270 4028 191
1292 3965 1330 4048 τὰ
1351 3963 1574 4047 κατεψευομὲνα
1594 3963 1645 4024 καὶ

247 4065 532 4152 ἐπιβεβουλευμένοις
578 4069 636 4132 22:
670 4061 767 4130 eodeni
797 4070 991 4154 μηχανήματι
1013 4064 1076 4132 οὐδ’
1100 4066 1218 4154 ἀπάτης
1263 4069 1322 4132 251
1346 4068 1379 4130 τὸ
1402 4063 1519 4149 ἀληθὲς
1540 4069 1591 4129 καί
1611 4065 1644 4128 τὰ

246 4177 460 4259 γεγενημένονς
505 4173 548 4237 ib.
571 4169 602 4245 ἐξ
624 4168 785 4258 ἐπιβουλῆς
808 4175 970 4237 συνέθεσαν
992 4181 1085 4237 ταῦτα
1105 4176 1157 4237 καὶ
1179 4171 1427 4259 ἑμηχανήσοιντος
1458 4173 1519 4236 421
1542 4173 1645 4254 παρὼν

248 4281 299 4341 καὶ
322 4280 434 4360 συνάνς
479 4279 540 4342 441
571 4272 637 4339 ούτε
667 4272 825 4360 ἀνέκραγεν
857 4274 917 4340 οὔτ’
941 4276 1080 4362 αἴσθησιν
1111 4273 1250 4362 οὐδεμίαν
1274 4275 1427 4360 ἐποίησενς
1472 4278 1531 4342 82:
1553 4282 1646 4337 ταῦτα

252 4386 372 4468 μέγιστα
393 4384 445 4444 καὶ
458 4384 635 4464 πιστότατας
660 4380 718 4445 88:
742 4377 873 4465 ἁμαρτία
893 4384 944 4444 καὶ
966 4379 1088 4464 ἀσὲβειοὶ
1110 4379 1184 4444 ἐστιν
1208 4379 1249 4454 εἷς
1271 4403 1302 4445 τε
1323 4381 1392 4452 τοὺς
1415 4380 1508 4450 θεοὺς
1529 4381 1580 4442 καὶ
1602 4375 1645 4450 εἰς

247 4487 318 4559 τούς
339 4489 468 4572 νόμοοςς
491 4488 550 4551 931
574 4483 691 4549 ἀνόσιον
722 4483 903 4571 εἰργασμένῳ
927 4486 996 4571 μηδ’
1021 4485 1065 4563 εὶς
1087 4486 1156 4558 τούς
1178 4486 1271 4558 θεοὺς
1292 4482 1462 4571 ἠσεβηκότι.
1486 4483 1590 4549 Etiam
1612 4484 1644 4548 in

250 4591 387 4657 oratione
402 4593 488 4656 sexta
508 4589 625 4655 similia
647 4589 858 4656 inueniunturi
880 4591 911 4655 in
927 4591 980 4670 VI,
998 4592 1033 4656 l:
1055 4593 1221 4675 κακότητος
1236 4593 1287 4655 καὶ
1302 4588 1465 4675 αὶσχὺνηςς
1490 4589 1527 4654 21
1544 4585 1646 4672 ὀρθῶς

249 4698 300 4759 καί
321 4697 472 4779 νομίμωςς
496 4696 534 4758 31
556 4693 752 4758 κινδυνεύοντι
773 4697 825 4757 καὶ
850 4695 1041 4780 διωκομένης
1064 4696 1126 4761 iu:
1149 4703 1201 4760 τού
1223 4696 1338 4760 δυταίου
1361 4695 1478 4757 καὶτοῦ
1493 4689 1647 4777 ἀληθοϋςς

251 4799 288 4864 51
325 4795 441 4881 ἀσεβῶν
474 4799 525 4861 καὶ
556 4796 747 4881 παραβαίνων
782 4801 819 4861 τὰ
852 4797 894 4871 εἰς
927 4799 996 4872 τούς
1029 4801 1140 4883 θεούςς
1187 4803 1224 4866 61
1259 4797 1388 4885 ἁμαρτία
1420 4802 1471 4862 καί
1504 4797 1646 4881 ἀσέβειας

357 4972 376 5043 ¹)
397 4971 437 5028 of.
456 4972 488 5028 Ο.
506 4970 610 5035 11111111,
638 4985 678 5042 gr.
703 4972 867 5040 1111111.
889 4977 984 5031 13111.
1012 4975 1048 5050 (4.
1066 4975 1147 5047 nun.)
1176 5006 1209 5016 -
1229 4975 1250 5043 ²)
1279 4973 1439 5038 Goelkelius,
1457 4974 1584 5043 Bcitrtige
1603 4991 1649 5028 zur

253 5059 352 5130 Syntux
370 5060 416 5114 des
434 5058 564 5114 Verbums
582 5057 637 5112 und
655 5073 704 5114 zur
722 5060 899 5132 Setzbildung
916 5063 960 5118 bei
980 5063 1040 5119 dem
1058 5063 1164 5119 Reduer
1181 5061 1328 5132 Antiphon.
1340 5062 1449 5126 Passuri,
1470 5062 1543 5128 1883,
1563 5063 1589 5118 8.
1605 5063 1649 5120 44.

253 5147 274 5222 ³)
294 5145 343 5212 Ol,
364 5147 434 5219 qnod
453 5164 540 5218 supra,
558 5165 585 5218 p.
605 5147 644 5214 12,
664 5145 697 5200 de
716 5146 758 5200 his
776 5148 841 5202 loeis
862 5148 925 5206 dixi.
1409 5150 1414 5158 '
