3732 5852
837 281 1034 342 --17--Ι

210 493 397 572 sententiae,
422 487 500 575 qu'ae
533 492 712 573 sequrmtur,
744 442 907 573 excipiunt.
928 479 932 488 ’
952 489 1001 555 An
1032 489 1161 556 Pahlius
1184 493 1275 574 putat
1296 491 1382 556 nullo
1413 493 1504 574 pacto
1528 492 1611 558 credi

209 601 348 686 potuisse
369 599 453 677 illos,
469 596 522 680 qui
543 595 600 662 tali
622 597 709 679 peste
723 595 900 675 interibant,
917 596 987 661 ante
1009 597 1142 661 mortem
1157 597 1299 662 auctores
1322 595 1371 660 sui
1394 596 1479 661 exitii
1501 597 1611 680 appel-

210 708 318 772 lasse?
330 741 373 752 -
387 702 485 782 Idem,
502 700 555 784 qui
568 700 601 764 in
616 701 644 783 ξ.
660 703 719 764 21:
736 696 857 778 ἀκλεῶς
880 747 1014 763 ......
1037 700 1087 763 τὸν
1110 700 1172 781 βίον
1196 698 1322 764 ἐκλιπὼν
1343 700 1473 766 verbum
1493 695 1611 773 ἀκλεῶς

109 839 111 844 ·
209 803 313 894 inepte
334 806 477 889 usurpari
497 805 626 885 iudicat,
650 803 854 890 Mastaneri1)
878 804 1009 868 fortasse
1043 803 1185 886 opinione
1219 801 1381 884 adductus,
1410 807 1447 870 ut
1468 805 1610 889 Hoppius

212 917 325 993 censet,
347 931 407 978 non
429 909 592 989 intellexit,
616 909 699 992 quod
719 909 775 974 illc
798 908 930 974 dicebat.
963 909 1091 974 Iuvenes
1109 909 1257 993 ingenuos
1279 909 1403 976 iudiciis
1425 908 1611 975 abstinuisse

212 1019 349 1096 constat3
363 1016 391 1081 si
404 1015 472 1098 quis
485 1017 589 1080 autem
601 1014 898 1099 consanguineorum
911 1013 1090 1078 interfectus
1103 1014 1178 1094 erat,
1192 1014 1422 1080 sanctissimum
1435 1017 1501 1080 erat
1512 1015 1610 1081 offici-

212 1143 266 1189 um
280 1119 522 1202 uniuscuiusque
535 1118 662 1184 caedem
677 1117 796 1184 ulcisci.
811 1117 915 1200 Atque
925 1117 975 1182 rel
991 1117 1050 1181 civi
1060 1117 1162 1199 plebei
1177 1119 1297 1202 generis
1313 1120 1505 1184 venenariis
1521 1119 1610 1185 dece-

212 1228 284 1293 dere
306 1227 396 1308 turpe
413 1227 487 1292 erat.
511 1222 598 1294 Idem
620 1223 712 1288 homo
726 1222 836 1288 doctus
853 1241 922 1288 cum
938 1222 1050 1288 verba:
1063 1218 1105 1292 ὡς
1122 1219 1179 1301 ἐγὼ
1202 1225 1254 1286 καὶ
1273 1219 1293 1308 ἡ
1316 1225 1416 1310 γραφὴ
1439 1224 1517 1303 λέγει
1539 1225 1567 1308 ἓ.
1580 1225 1610 1304 2,

212 1349 290 1414 quae
322 1321 444 1394 inanem
477 1347 545 1394 esse
586 1326 731 1392 adfirmat
762 1327 926 1392 rerbomm
957 1325 1109 1405 sonitum,
1147 1345 1207 1392 non
1244 1328 1327 1392 recte
1359 1328 1609 1397 antecedentibus

212 1434 338 1524 adiungi
353 1453 389 1500 ac
409 1434 539 1500 verbum
560 1433 728 1495 ααθεσσᾱσι
748 1431 779 1496 in
801 1427 1070 1516 νοοοαιοίνιίδικοι
1091 1449 1190 1512 neque
1212 1449 1284 1496 vcro
1308 1432 1339 1496 in
1362 1432 1490 1497 verbum
1513 1442 1609 1519 φονῆς
1731 1515 1735 1524 ι
1857 1501 1858 1510 φ

210 1539 320 1606 cadere
342 1558 441 1622 neque
463 1537 523 1602 nisi
547 1535 788 1631 cumrocabuli's
811 1545 907 1622 φονῆς
921 1534 1089 1598 καθιστᾶσι
1111 1553 1279 1619 congruere
1296 1536 1396 1616 dicat,
1412 1539 1499 1602 tanto
1517 1557 1609 1622 opero

210 1644 292 1723 usui,
316 1663 376 1726 quc
400 1642 523 1727 singula
543 1640 638 1706 verba
660 1627 870 1723 compluribus
886 1639 1085 1705 substantivis
1109 1639 1273 1720 adduntur,
1295 1643 1456 1726 repugnat,
1472 1645 1509 1710 ut
1529 1643 1609 1710 hanc

212 1749 396 1815 sententiam
419 1747 537 1812 diluerc
560 1747 592 1810 et
612 1745 724 1836 falsam
758 1763 825 1810 esse
850 1742 951 1808 dicere
985 1762 1247 1826 supervacaneum
1268 1744 1346 1809 mihi
1369 1764 1438 1811 esse
1458 1746 1608 1814 videatur.

213 1855 289 1934 Nec,
312 1855 348 1918 ut
369 1850 521 1916 rationem
544 1849 608 1914 eius
633 1867 809 1932 cognoscas,
834 1847 969 1913 ahenum
992 1867 1059 1912 esse
1083 1848 1191 1930 opinor
1213 1848 1362 1914 hocloco
1386 1845 1607 1934 demonstrare,

213 1976 273 2042 quo
304 1956 396 2022 modo
419 1956 500 2020 hunc
522 1954 627 2019 locum
650 1953 764 2037 corrigi
784 1951 870 2017 velit.
915 1951 975 2033 Qui
997 1952 1207 2018 vehementius
1229 1953 1608 2042 iterationesinsectatur,

212 2062 296 2128 idem
319 2058 413 2127 scribi
434 2058 536 2124 iubet:
560 2052 644 2121 αὐτοὶ
660 2061 718 2142 γὰρ
741 2052 823 2120 οὗτοι
843 2059 1012 2120 abactam
1029 2053 1177 2140 ἀντίδικοι,
1200 2060 1252 2120 καὶ
1274 2069 1370 2146 φονῆς
1392 2063 1559 2145 γεγένηνται
1571 2057 1608 2146 ²).

212 2205 255 2216 —-
286 2164 395 2230 Eidem
432 2182 529 2248 genus
558 2161 742 2227 femininum
770 2161 856 2226 verbi
892 2161 999 2248 φονεὺς
1036 2161 1067 2226 in
1097 2163 1125 2245 ς.
1154 2163 1174 2226 3
1211 2160 1302 2229 valde
1333 2162 1486 2246 displicet,
1526 2165 1608 2247 quod

214 2291 285 2336 cum
313 2271 472 2336 vocabulis
510 2270 683 2334 structurae
705 2269 869 2333 verbonun
901 2266 1142 2332 accommodatis
1187 2264 1355 2330 ἀποκτεῖναι
1393 2269 1442 2330 τὸν
1465 2264 1608 2354 ἡμέτερον

212 2379 326 2459 πατέρα
358 2376 407 2440 uel
438 2371 457 2460 ἡ
488 2371 686 2438 ἀποκτείνασα
709 2371 893 2438 commutari
916 2371 993 2449 vult,
1018 2389 1206 2453 quamquam
1228 2372 1331 2456 priora
1352 2373 1447 2437 uerba
1468 2372 1499 2436 in
1525 2375 1553 2457 fi.
1578 2376 1608 2453 6,

212 2479 384 2562 posteriora
404 2479 436 2544 in
459 2479 487 2562 d.
510 2475 551 2542 22
574 2475 759 2565 leguntur&
783 2478 825 2540 Et
847 2475 1029 2542 Schmittius
1042 2475 1068 2562 4)
1102 2478 1133 2540 et
1154 2476 1282 2541 Pahlius
1295 2475 1320 2563 ⁵)
1343 2477 1458 2559 plurali
1480 2497 1608 2544 numero
1721 2481 1724 2490 '

211 2591 332 2672 φονεῦσι
361 2585 388 2668 ᾗ.
419 2585 435 2648 1
463 2585 494 2648 et
521 2582 686 2670 φονῆςξὸ.
710 2583 740 2661 2,
764 2580 1012 2646 ascenduntur.
1056 2580 1173 2646 Vemm
1187 2601 1244 2646 nec
1263 2583 1358 2649 verba
1393 2581 1608 2668 Maeczneril),

212 2688 322 2770 quibus
355 2686 485 2770 pluralis
518 2705 665 2752 numerus
701 2685 884 2765 defenditur,
907 2705 963 2750 nec
996 2685 1169 2765 Submitti,
1208 2685 1260 2769 qui
1296 2706 1332 2750 ex
1366 2687 1435 2770 ipsa
1472 2688 1609 2753 oratione

213 2791 333 2876 colligit
363 2791 534 2856 accusatori
566 2793 714 2875 cognatos
739 2792 770 2855 et
801 2790 926 2870 amicos
950 2792 986 2854 ut
1008 2790 1052 2854 ait
1073 2791 1248 2870 Maetzner,
1271 2792 1394 2873 praesto
1417 2810 1477 2858 non
1499 2793 1604 2871 fuisse,

213 2895 458 2961 emendationem
492 2914 560 2960 esse
582 2895 755 2960 necessaria
779 2913 897 2960 censeo.
942 2894 1024 2958 Nam
1061 2897 1092 2959 et
1121 2895 1304 2962 Schmittius
1328 2897 1359 2960 et
1380 2895 1510 2960 Pahlius
1533 2895 1603 2960 aliis

214 2996 402 3083 argumentis
436 3001 543 3064 contra
564 2999 719 3082 pluralem
740 3017 903 3064 numerum
925 3017 985 3064 non
1007 3000 1137 3083 prolatis
1161 3001 1267 3083 aequis
1291 3000 1401 3066 animis
1425 2999 1526 3066 dicere
1548 3018 1605 3084 po-

213 3105 315 3168 terant
335 3121 497 3168 numerum
519 3104 674 3186 pluralem
696 3104 734 3169 ab
756 3103 946 3186 Antiphontc
968 3104 1119 3170 hocloco
1144 3108 1307 3188 poetarum
1329 3123 1417 3170 more
1432 3103 1607 3171 adhibitum

217 3227 295 3287 esse,
318 3206 350 3270 id
373 3207 455 3291 quod
478 3208 650 3291 simplicius
673 3211 729 3289 est,
744 3207 925 3290 praesertim
949 3226 1019 3274 cum
1034 3210 1101 3274 tota
1117 3210 1253 3274 oratione
1269 3211 1429 3276 accusator
1444 3229 1606 3275 novercam

211 3312 313 3377 solam
335 3314 455 3395 patrem
471 3313 620 3378 occidisse
644 3313 854 3378 demonstrare
877 3311 1001 3377 studeat
1010 3311 1045 3399 ⁷).
1091 3313 1192 3394 Quare
1215 3332 1285 3380 mea
1308 3315 1431 3397 quidem
1454 3316 1606 3380 sententia

210 3415 389 3501 Hoppiusl)
412 3417 566 3500 pluralem
604 3436 765 3497 numerum
798 3425 860 3488 τοῖς
901 3425 1021 3504 φονεῦσι
1042 3417 1121 3484 falso
1144 3419 1189 3483 ita
1212 3420 1364 3502 explanat,
1401 3423 1438 3485 ut
1460 3415 1605 3499 actorem,

213 3523 266 3605 qui
287 3523 384 3604 patris
406 3522 553 3588 mandata
576 3524 768 3605 exsequatur,
783 3542 911 3588 numero
935 3523 1050 3606 plurali
1073 3524 1233 3590 ostendere
1257 3525 1340 3590 dicat
1361 3543 1452 3589 suum
1473 3526 1604 3606 patrem,

210 3627 314 3692 utmm
336 3646 414 3692 uxor
442 3647 504 3692 una
531 3645 568 3692 an
599 3627 708 3710 paelex
738 3630 770 3693 et
790 3627 849 3700 filii
880 3646 1001 3710 quoque
1033 3627 1094 3710 ipsi
1127 3629 1252 3694 sceleris
1282 3627 1447 3710 participes
1485 3630 1604 3706 essent,

210 3730 384 3797 nescivisse.
408 3731 470 3798 Sed
493 3734 647 3797 oratorem
670 3751 706 3797 ea
727 3733 796 3815 ipsa
817 3751 860 3813 rc,
878 3733 960 3815 quod
981 3733 1012 3797 in
1036 3733 1173 3798 oratione
1195 3753 1357 3799 novercam
1380 3732 1479 3798 solam
1502 3731 1605 3796 caedis

202 3837 368 3925 Nauctorem
394 3836 541 3921 appellat,
572 3836 733 3902 ostendere
769 3837 905 3903 voluisse
929 3835 1069 3902 existimo
1093 3837 1153 3902 sibi
1173 3839 1303 3921 patrem,
1328 3857 1398 3902 cum
1413 3837 1605 3918 pcstremmn

210 3960 316 4006 secum
349 3942 586 4024 colloqueretur,
609 3943 741 4007 matrem
776 3941 945 4025 principem
968 3941 1071 4006 caedis
1095 3961 1161 4008 esse
1186 3942 1308 4008 dixisse.
1354 3940 1493 4023 Denique
1515 3939 1604 4023 Hop-

210 4046 280 4127 pius
304 4047 458 4129 pluralem
480 4065 643 4111 numemm
657 4047 688 4111 in
703 4047 750 4130 §d
774 4049 794 4110 2
818 4047 849 4110 et
870 4048 892 4110 4
915 4046 1076 4111 brevitatis
1097 4066 1190 4113 causa
1213 4047 1385 4112 adhibitum
1408 4063 1475 4110 essc
1498 4045 1604 4110 credit.

147 4175 150 4184 ·
210 4151 313 4228 Falso,
336 4152 372 4214 ut
394 4150 510 4231 opinor.
545 4150 612 4231 Quo
636 4150 729 4216 modo
753 4151 844 4229 enim,
868 4169 991 4234 quaeso,
1014 4151 1081 4216 fieri
1102 4154 1214 4234 potest,
1237 4155 1273 4216 ut
1293 4153 1330 4230 is,
1355 4150 1408 4233 qui
1428 4169 1484 4232 per
1505 4153 1604 4215 totam

209 4254 380 4321 orationem
409 4255 549 4321 ubertate
580 4254 714 4337 quadam
743 4255 907 4320 verborum
939 4254 1081 4336 excellit,
1116 4257 1174 4321 hoc
1206 4258 1274 4340 ipso
1303 4257 1373 4320 loco
1402 4255 1488 4320 brevi
1514 4274 1603 4338 prae-

209 4359 310 4425 cidere
332 4359 490 4426 voluerit?
513 4360 711 4426 -Possum
733 4359 795 4425 alia
817 4361 945 4440 adferre,
970 4380 1047 4443 quae
1070 4360 1180 4426 Palrlio
1205 4359 1364 4426 offensioni
1386 4362 1475 4440 sunt,
1496 4379 1603 4425 rerum

208 4463 275 4542 illa,
309 4483 386 4546 quae
420 4465 546 4548 protuli,
578 4463 730 4530 eiusmodi
763 4468 843 4546 sunt,
879 4466 989 4548 quibus
1024 4465 1251 4530 demonstretur
1286 4485 1356 4532 eum
1386 4465 1463 4532 nihil
1485 4465 1603 4532 adferre

208 4586 308 4648 posse,
332 4570 412 4635 unde
435 4570 514 4636 hanc
537 4569 707 4637 oraticnem
730 4570 928 4637 subditiciam
951 4590 1019 4637 esse
1044 4571 1173 4637 eluceat.

315 4847 498 4920 ¹)Maetznor,
517 4849 657 4904 commin
676 4865 713 4903 or.
741 4849 886 4919 1.p.1ar.
912 4881 949 4930 Ὶ-ὒ-
968 4849 989 4920 ²)
1008 4847 1076 4903 Vide
1104 4865 1141 4903 or.
1169 4851 1194 4918 ς.
1212 4850 1244 4914 4,
1271 4849 1317 4904 ubi
1343 4849 1483 4903 verborum
1510 4831 1601 4902 ordine

207 4936 312 4990 inverso
339 4937 452 5008 legitur:
482 4938 564 5007 φονῆς
585 4939 747 5005 γεγένηνται,
775 4935 837 4998 ἐμοὶ
855 4937 881 4988 δ’
901 4934 1209 4991 &retribueremus
1228 4969 1261 4976 -
1281 4937 1302 5008 ³)
1321 4937 1361 4992 Cf.
1379 4935 1515 5006 Ignatium
1541 4935 1560 4990 l.
1579 4953 1601 4990 o.

208 5039 234 5092 p.
253 5025 282 5087 3;
300 5024 477 5080 Hartmanum
503 5023 522 5079 l.
541 5041 562 5079 c.
582 5043 609 5095 p.
627 5024 750 5096 31.-⁴)
770 5023 811 5081 cf.
828 5024 847 5079 l.
866 5041 887 5078 c.
906 5042 932 5096 p.
951 5024 1056 5097 9.-⁵)
1076 5023 1116 5080 Cf.
1135 5041 1158 5079 a.
1177 5042 1201 5080 a.
1214 5025 1245 5080 0.
1266 5026 1291 5080 S.
1307 5024 1428 5095 lit—⁶)
1448 5022 1488 5078 Of.
1507 5040 1601 5078 comm.

207 5109 237 5164 in
255 5127 293 5165 οι.
311 5110 334 5166 1.
352 5128 379 5180 p.
399 5111 457 5167 ras.
476 5114 509 5153 a
529 5111 551 5185 τ)
571 5111 612 5168 or.
631 5129 668 5168 σε.
687 5116 729 5184 ss.
747 5114 771 5178 s,
792 5113 816 5179 r,
833 5113 858 5180 a,
877 5114 918 5180 ιο,
936 5113 978 5178 ac,
996 5113 1037 5180 aa,
1056 5114 1098 5181 ac,
1116 5115 1158 5170 ar.
1177 5146 1210 5154 -
1229 5113 1250 5185 8)
1270 5112 1310 5170 cr.
1328 5113 1346 5168 1.
1366 5128 1388 5167 ε.
1406 5128 1434 5182 p.
1452 5112 1494 5166 as.

826 5223 829 5232 ·
1266 5233 1270 5244 ·
1447 5217 1460 5255 α
